2187 3652
1095 144 1162 180 240

177 257 327 305 urbes,
362 256 554 295 alteram
589 254 796 306 Mancup
830 254 999 304 vocari,
1035 254 1226 294 alteram
1269 253 1497 295 Seivarin.
1543 254 1620 294 Ad
1668 255 1783 295 haec
1830 255 1976 295 multa
2022 256 2079 295 de

176 331 383 371 Tartaris
421 344 670 383 eorumque
704 330 944 369 barbarie:
979 330 1026 369 in
1059 329 1228 382 quibus
1261 337 1418 369 tamen
1451 330 1686 384 singulari
1723 330 1940 384 sapientia
1984 345 2077 371 non

177 421 348 460 paucos
382 407 572 459 reperiri
613 408 915 446 memorabat.
960 406 1079 446 Nam
1129 407 1185 446 de
1230 407 1367 446 rebus
1413 406 1704 459 gravissimis
1750 407 2077 460 interrogatos,

176 483 378 524 breviter
411 489 549 535 atque
584 482 799 534 apposite
831 483 1128 535 respondere.
1165 482 1234 522 Ea
1267 483 1323 522 de
1359 496 1499 522 causa
1531 496 1623 522 non
1657 490 1829 522 temere
1867 483 2080 523 dictitare

177 561 365 609 Turcas,
400 559 602 612 reliquas
636 559 823 611 quidem
858 559 1071 598 nationes
1105 559 1325 611 scriptam
1360 559 1406 598 in
1440 559 1570 598 libris
1594 559 1765 599 habere
1785 559 2079 612 sapientiam,

177 637 397 676 Tartaros
430 636 573 675 libros
608 648 715 675 suos
749 636 1013 685 devorasse,
1039 635 1144 675 ideo
1168 635 1217 675 2'72
1233 635 1475 689 pedoribus
1497 648 1588 674 eam
1612 634 1762 675 habere
1784 635 2043 675 rccondl'tam
2062 650 2077 682 ;

177 727 315 766 quam
349 719 565 765 promant
599 725 700 751 cum
735 726 851 764 opus
886 711 959 761 sit,
994 718 1040 751 et
1072 712 1145 752 vel
1179 712 1244 751 uti
1280 712 1440 751 divina
1472 711 1669 751 fundant
1693 712 1919 751 oracula.»
1947 736 1999 739 —
2025 735 2082 740 —

178 815 310 819 -——
349 790 508 828 «Nunc
542 788 804 828 adscribam
845 802 994 841 pauca
1040 789 1268 828 vocabula
1317 789 1374 828 cle
1419 789 1590 838 multis,
1641 803 1758 841 quae
1803 788 2081 829 Germanica

178 867 415 906 reddebat.
442 880 548 905 nam
573 866 697 905 haud
722 866 874 905 minus
898 866 1148 906 multorum
1173 864 1312 918 plane
1335 865 1519 905 diversa
1543 879 1569 905 a
1593 865 1763 905 nostris
1787 872 1885 906 erat
1908 865 2080 905 forma:

178 943 276 983 sive
310 943 433 995 quod
468 942 565 982 eius
599 942 789 996 linguae
824 949 989 982 natura
1022 943 1066 981 id
1099 942 1229 991 ferat,
1275 943 1372 982 sive
1417 944 1539 995 quod
1583 956 1685 982 eum
1731 942 1940 995 fugiebat
1989 956 2082 982 me-

179 1020 338 1068 moria,
373 1028 417 1059 et
451 1020 699 1072 peregrina
732 1033 834 1059 cum
873 1019 1130 1059 vernaculis
1164 1021 1401 1059 mutabat:
1452 1019 1667 1059 omnibus
1716 1033 1823 1059 vero
1869 1019 2083 1059 dictioni-

178 1098 263 1136 bus
297 1098 617 1149 praeponebat
650 1096 894 1136 articulum
919 1096 988 1136 fleo
1021 1103 1099 1136 aut
1131 1096 1201 1136 fla
1233 1096 1473 1146 nostratia,
1509 1103 1587 1136 aut
1620 1110 1782 1149 parum
1807 1096 2082 1137 differentia.

178 1175 292 1214 haec
326 1180 483 1214 erant:

309 1328 443 1367 Broe.
696 1327 852 1367 Panis.
1170 1327 1285 1379 Tag.
1560 1327 1687 1367 Dies.

309 1405 430 1444 Plut.
699 1404 917 1457 Sangvis.
1173 1403 1412 1456 Oeghene.
1557 1403 1705 1443 Oculi.

310 1483 428 1522 Stul.
700 1481 862 1522 Sedes.
1172 1481 1303 1521 Bars,
1559 1481 1727 1521 Barba.

312 1560 429 1599 Hus.
702 1560 894 1599 Domus.
1174 1558 1361 1599 Handa.
1558 1559 1741 1598 Manus.

308 1636 544 1689 &Vingart
697 1636 833 1676 Vitis.
1174 1636 1321 1688 Roga.
1558 1636 1723 1676 Arcus.

310 1714 526 1767 Reghen.
700 1713 878 1753 Pluvia.
1173 1713 1336 1752 Miera.
1558 1712 1784 1753 Formica.

311 1792 504 1831 Bruder.
702 1792 877 1831 Frater.
1175 1790 1331 1830 Rinck
1367 1790 1463 1830 sive

311 1869 607 1909 Schuuester.
699 1868 853 1908 Soror.
1175 1867 1336 1920 Ringo
1564 1867 1794 1907 AnnuluS.

311 1945 406 1985 Alt.
704 1946 875 1985 Senex.
1176 1945 1380 1984 Brunna.
1567 1945 1704 1983 Fons.

310 2022 518 2063 Wintch.
702 2023 896 2062 Ventus.
1174 2021 1407 2074 XVaghen.
1561 2021 1745 2061 Currus.

311 2099 467 2140 Siluir.
700 2101 978 2153 Argentum.
1173 2098 1310 2151 Apel.
1563 2098 1773 2137 Pomum.

313 2176 460 2217 Goltz.
699 2177 893 2217 Aurum.
1175 2174 1395 2215 Schieten
1562 2174 1750 2214 Mittere
1781 2175 2018 2227 sagittam.

312 2255 426 2294 Kor.
702 2254 940 2294 Triticum.
1175 2252 1413 2305 Schlipen.
1544 2248 1545 2251 ¹
1561 2252 1789 2292 Dormire.

313 2333 429 2372 Salt.
703 2332 799 2371 Sal.
1176 2330 1424 2369 Kommen.
1562 2328 1747 2368 Venire.

314 2409 454 2448 Fisct.
705 2408 866 2448 Piscis.
1177 2406 1371 2459 Singen.
1569 2405 1760 2445 Canere.

315 2484 450 2525 Hoef.
703 2485 867 2538 Caput.
1177 2483 1377 2523 Lachen.
1567 2482 1755 2521 Ridere.

312 2562 486 2602 Thurn.
701 2563 856 2602 Porta.
1177 2561 1352 2601 Eriten.
1566 2559 1714 2599 Flere.

315 2637 466 2679 Stern.
704 2639 867 2679 Stella.
1178 2636 1321 2677 Geen.
1567 2635 1652 2675 Ire.

315 2714 454 2755 Sune.
701 2714 797 2755 Sol.
1179 2713 1344 2753 Breen.
1564 2711 1753 2751 Assare.

315 2792 457 2832 Mine.
704 2792 848 2831 Luna.
1179 2777 1452 2830 Schuual'th.
1568 2788 1709 2828 Mors.

327 2944 529 2984 Ismmcn
575 2948 650 2998 lag
688 2952 786 2984 erat
832 2945 898 2983 illi

330 3175 416 3225 Jel.
450 3174 560 3213 Vita
594 3175 691 3214 sive
725 3174 917 3214 sanitas.

331 3251 522 3302 Jeltsch.
556 3251 703 3290 Vivus
737 3251 833 3290 sive
867 3264 1022 3290 sanus.

958 2944 1117 2983 Bonus
1161 2944 1286 2989 dies;
1333 2942 1536 2981 Ix'vallcn
1581 2942 1753 2980 bonum
1801 2939 1999 2988 dicebat,
2048 2946 2093 2978 et

189 3022 411 3073 pleraque
445 3022 537 3061 alia
570 3035 671 3061 cum
708 3028 868 3061 nostra
901 3021 1066 3074 lingua
1100 3034 1191 3059 non
1226 3019 1341 3059 satis
1374 3017 1681 3071 congruentia
1727 3016 1999 3069 usurpabat,
2045 3022 2093 3055 ut
