2187 3652
1110 108 1184 134 XVI

186 237 553 268 amanuensem
618 219 876 282 quendam
940 218 1124 266 confici
1186 219 1408 276 curavit,
1484 236 1702 282 eamque
1765 237 1899 267 anno
1961 223 2093 282 1824

192 310 516 355 KLAPRoTHo
555 308 709 354 misit.
756 307 931 353 Habet
969 307 1097 352 haec
1139 323 1218 352 res
1257 307 1681 354 admirationem!
1733 308 2093 356 KLAPROTHUS

182 397 386 459 copiam
439 396 688 458 optimam
739 411 853 441 esse
903 394 1213 441 existimavit
1264 402 1315 441 et
1367 395 1431 441 de
1482 395 1579 442 hac
1634 412 1686 442 re
1732 396 1782 442 in
1829 398 2093 458 prooemio

185 485 450 547 praedicto
490 485 561 530 ita
601 484 831 546 scripsit:
894 484 997 528 «M.
1043 483 1198 530 SALVI
1239 491 1326 529 eut
1364 484 1412 530 la
1452 484 1605 531 bonte
1645 485 1709 531 de
1750 484 2026 532 s'adresser
2063 486 2092 533 a

187 590 251 619 un
280 574 372 620 des
399 571 817 619 bibliothecaires
844 571 907 617 de
936 571 1142 628 Venise‚
1181 579 1233 617 et
1260 571 1324 618 de
1352 572 1399 618 16
1438 573 1574 634 prier
1610 573 1675 619 de
1714 573 2018 620 rechercher
2044 575 2090 622 le

184 661 481 717 manuscrit,
524 670 574 707 et
602 657 714 706 d’en
754 659 877 705 faire
905 660 1029 706 tirer
1066 676 1165 705 une
1195 660 1359 721 copie.
1403 660 1476 707 Ce
1506 669 1703 717 savant,
1733 661 1857 707 dont
1880 660 2090 723 j’ignore

183 750 686 796 malheureusement
736 748 781 794 le
832 764 968 804 nom,
1022 747 1138 794 s'est
1178 748 1406 810 acquitte
1456 749 1520 795 de
1572 757 1707 795 cette
1760 749 2090 797 commission

179 854 303 884 avec
343 854 438 882 nne
467 836 659 900 grande
696 835 988 893 exactitude,
1031 844 1082 882 et
1105 836 1155 898 je
1184 853 1330 883 recus
1358 838 1406 883 la
1433 838 1580 899 copie
1608 838 1671 884 de
1700 854 1758 884 ce
1787 848 2088 886 monument

182 925 420 988 precieux
446 943 511 972 au
541 927 670 972 mois
698 925 760 971 de
790 925 1066 971 novembre
1101 928 1279 985 1824.»
1301 930 1311 946 ¹
1350 924 1659 987 Quicunque
1689 926 1860 972 studia
1886 927 2088 989 linguae

181 1014 409 1075 persicae
449 1025 499 1060 et
539 1014 762 1060 turcicae
804 1014 981 1061 leviter
1019 1022 1218 1061 tanturn
1271 1014 1456 1076 attigit,
1509 1015 1712 1076 copiam
1757 1015 2086 1074 KLAPROTH1‚

180 1102 383 1163 qualem
425 1120 487 1148 ex
525 1102 636 1164 ejus
675 1102 900 1149 editione
954 1103 1204 1159 novimus,
1261 1111 1397 1149 certe
1439 1119 1529 1165 pro
1570 1103 1819 1149 mendosa
1856 1104 2085 1162 habebit,

180 1190 369 1236 etenim
410 1191 457 1236 in
498 1192 687 1237 multas
728 1192 921 1238 incidet
961 1192 1165 1248 formas,
1201 1209 1333 1254 quae
1368 1200 1579 1238 naturae
1619 1200 1670 1238 et
1707 1191 1866 1239 indoli
1905 1193 2086 1240 harum

178 1278 464 1339 linguarum
511 1280 810 1342 neutiquam
841 1280 1169 1342 respondent.
1216 1281 1385 1334 Nemo
1412 1289 1505 1336 est,
1537 1281 1623 1342 qui
1651 1280 1883 1327 codicem
1910 1298 2084 1328 cuma-

179 1366 349 1412 nicum
393 1385 421 1413 a
463 1368 797 1414 missionariis
826 1368 1082 1415 extraneis
1121 1369 1469 1430 conscriptum
1510 1369 1707 1431 absque
1735 1369 1935 1416 mendis
1973 1387 2086 1417 esse

176 1454 449 1513 existimet,
505 1468 556 1503 at
608 1457 766 1504 editio
809 1458 1121 1504 KLAPROTHI
1173 1459 1295 1505 talia
1353 1475 1558 1521 quoque
1610 1457 1798 1504 menda
1836 1459 2082 1516 continet,

177 1563 275 1607 que
316 1546 569 1609 copistam
623 1546 853 1608 ignarum
907 1547 1110 1607 linguae
1163 1548 1393 1610 persicae
1445 1556 1496 1594 et
1542 1548 1770 1594 turcicae
1821 1547 2085 1594 evidenter

176 1635 470 1691 ostendunt,
525 1652 642 1696 pars
682 1634 817 1681 enim
859 1652 1044 1697 magna
1095 1653 1270 1682 eorum
1325 1653 1425 1682 non
1475 1644 1677 1683 tantum
1716 1636 1781 1683 ad
1820 1636 2081 1698 orthogra-

176 1723 349 1784 phiam
391 1723 619 1780 refertur,
664 1724 712 1770 in
741 1741 843 1786 qua
872 1741 1245 1786 saepenumero
1274 1725 1549 1788 scriptores
1588 1724 1780 1771 codicis
1807 1742 1837 1772 a
1863 1725 2084 1788 genuino

175 1812 515 1873 pronunciatu
556 1812 773 1858 multum
814 1813 1195 1870 aberraverunt,
1227 1814 1315 1860 sed
1357 1813 1515 1860 dubio
1555 1814 1729 1876 procul
1770 1813 2081 1876 imperitiam

175 1908 353 1961 putam
419 1901 600 1963 arguit.
671 1902 996 1964 Impossibile
1049 1910 1126 1949 est
1195 1903 1403 1949 credere
1466 1902 1639 1949 omnia
1702 1903 1829 1949 haec
1895 1903 2082 1949 menda

173 1988 337 2034 solum
378 1988 525 2050 lapsu
552 1990 737 2036 calami
776 1999 887 2037 orta
929 1990 1099 2048 fuisse,
1143 1991 1478 2054 quamobrem
1520 1991 1694 2038 mirari
1740 2008 1841 2037 non
1880 1990 2078 2048 desino,

177 2076 550 2124 KLAPROTHL'M
581 2078 630 2124 in
665 2078 836 2142 lingua
870 2080 1071 2142 persica
1099 2088 1149 2126 et
1175 2080 1372 2128 turcica
1399 2080 1464 2126 ad
1494 2079 1876 2142 suscipiendam
1898 2079 2080 2127 editio-

174 2181 289 2210 nem
310 2165 459 2228 hujus
479 2167 681 2229 generis
708 2169 833 2215 satis
855 2177 1114 2216 versatum
1130 2169 1334 2231 copiam
1358 2185 1502 2216 suam
1519 2169 1708 2216 bonam
1728 2176 1779 2216 et
1797 2177 2080 2216 correctam

173 2252 509 2312 existimasse,
552 2256 742 2318 pariter
768 2257 924 2304 miror
950 2258 1197 2304 lectiones
1224 2257 1478 2320 quasdam
1505 2257 1733 2314 vitiosas,
1775 2273 1905 2320 quas
1931 2256 2080 2304 facile

173 2342 449 2390 emendare
484 2354 674 2406 posset,
717 2363 818 2393 non
856 2346 1163 2393 emendasse
1192 2354 1242 2393 et
1270 2345 1414 2403 alias,
1449 2362 1579 2408 quas
1606 2345 1882 2392 emendare
1908 2345 2078 2403 vellet,

172 2429 237 2476 ad
276 2432 550 2492 genuinam
603 2433 817 2480 formam
859 2435 1102 2482 reducere
1149 2450 1478 2497 nequaquam
1531 2433 1777 2496 potuisse.
1833 2434 2078 2481 Ceterum

172 2518 334 2565 codex
372 2521 528 2568 etiam
569 2522 692 2569 talia
734 2523 922 2570 menda
973 2524 1219 2580 continet,
1273 2539 1406 2586 quae
1447 2539 1540 2570 nec
1593 2522 1945 2585 peritissimus
1974 2540 2076 2570 ser-

174 2607 338 2653 monis
377 2609 563 2670 persici
604 2619 655 2657 et
694 2611 892 2668 turcici,
935 2612 975 2658 si
1015 2628 1113 2674 ope
1153 2612 1452 2674 exemplarii
1498 2611 1759 2674 originalis
1797 2603 2079 2658 destitutus

172 2694 253 2751 sit,
284 2697 531 2744 concinne
559 2700 835 2747 emendare
863 2701 1041 2763 possit.
1084 2701 1263 2748 Codex
1301 2708 1474 2748 noster
1501 2700 1550 2747 in
1578 2707 1723 2762 parte
1752 2716 1843 2746 sua
1882 2699 2079 2747 turcica

171 2782 449 2831 dialectum
501 2788 825 2835 cumanicam
874 2797 1102 2836 ostentat
1154 2798 1206 2836 et
1256 2789 1373 2836 ideo
1412 2789 1683 2836 nonnullas
1735 2788 2079 2851 proprietates

170 2871 414 2930 continet,
457 2892 585 2936 quas
625 2877 789 2924 solum
829 2877 871 2924 is
911 2879 1122 2935 noverit,
1176 2878 1263 2941 qui
1315 2885 1482 2925 totum
1533 2877 1766 2924 codicem
1806 2876 2078 2940 diligenter

173 2970 524 3020 perscrutatus
564 2965 644 3011 sit.
691 2966 1067 3024 KLAPRorflus,
1121 2968 1193 3014 uti
1233 2974 1413 3014 notum
1465 2974 1559 3024 est,
1614 2966 1849 3013 codicem
1900 2981 2075 3014 cuma-

172 3047 342 3094 nicum
394 3051 692 3114 originalem
746 3070 1008 3117 nunquam
1061 3056 1155 3102 sub
1206 3056 1369 3103 oculis
1418 3056 1600 3104 habuit
1650 3064 1700 3103 et
1745 3055 1809 3102 de
1849 3056 2076 3103 secunda

316 3232 326 3248 ¹
354 3228 393 3262 Ρ.
428 3239 503 3264 120.
