2187 3652
946 147 1095 173 LXXVII

70 261 175 323 jam
217 278 349 306 anno
396 264 524 321 1067
567 277 681 305 curn
725 260 925 305 duobus
966 267 1165 305 tantum
1195 259 1341 304 annis
1370 267 1483 319 post
1510 259 1759 320 jacturam
1792 259 1979 305 factam

76 366 315 408 magnum
359 349 542 394 ducem
588 348 915 410 Kijevensem
959 364 1259 409 oppugnans
1300 363 1415 392 eum
1458 364 1679 408 suosque
1721 347 1769 392 in
1811 347 1979 408 fugam

74 437 240 483 vertit.
286 437 364 482 De
406 436 568 497 prima
609 436 787 481 harum
829 435 1045 481 duarum
1087 434 1435 480 incursionum
1484 434 1564 479 hic
1618 435 1838 495 amplius
1892 435 1979 480 ali—

75 533 321 587 quantum
363 525 688 570 disseremus.
733 523 929 570 Turma
974 523 1200 570 Uzorum
1242 524 1468 578 600‚OOO
1511 522 1775 568 hominum
1811 523 1980 584 (quem

79 630 345 660 numerum
378 613 695 659 Graecorum
738 611 890 658 timor
918 611 1172 657 invenisse
1213 610 1431 671 videtur)
1479 627 1611 655 anno
1660 613 1786 671 1065
1837 611 1981 656 muli-

75 719 200 758 eres,
243 718 441 762 pueros,
485 717 641 762 pecus
682 708 732 746 et
773 699 943 746 omnia
985 699 1221 745 utensilia
1264 715 1437 744 secum
1487 698 1723 744 auferens
1778 700 1983 760 scaphis

78 790 374 836 Danubium
417 797 733 850 transgressa
771 789 817 834 in
852 788 1149 849 Bulgariam
1180 786 1507 849 byzantinam
1540 787 1698 833 irruit.
1733 788 1826 833 Illo
1854 795 1981 833 tem-

77 895 199 939 pore
256 878 414 924 duces
468 879 714 924 BASILios
766 878 1062 923 APOKAPIOS
1127 884 1176 922 et
1246 877 1595 921 NIKEPHOROS
1650 876 1984 922 BOTONIATES

76 967 363 1013 custodiam
406 966 731 1013 castelloram
772 981 1071 1025 graecorum
1112 964 1175 1010 ad
1219 963 1516 1009 Danubium
1558 964 1821 1021 tenebant,
1855 982 1983 1026 quos

80 1055 175 1101 Uzi
217 1063 332 1117 post
370 1054 636 1101 victoriam
678 1054 910 1115 captivos
950 1053 1194 1099 fecerunt.
1248 1051 1400 1098 Tunc
1456 1052 1663 1098 demum
1717 1070 1816 1098 una
1868 1069 1985 1113 pars

74 1144 323 1189 victorum
365 1143 413 1189 in
454 1142 713 1204 provincia
757 1143 1096 1201 Bulgarorum
1138 1140 1404 1186 considere
1444 1140 1619 1197 voluit,
1663 1141 1823 1187 altera
1864 1159 1982 1187 vero

79 1233 364 1278 Balcanum
406 1240 634 1277 montem
676 1239 995 1292 transgressa
1050 1237 1215 1275 totum
1272 1228 1541 1289 imperium
1596 1228 1724 1274 ferro
1780 1237 1829 1275 et
1882 1230 1983 1291 igni

76 1320 357 1366 devastans
417 1319 690 1366 Graeciam
752 1336 913 1380 usque
972 1318 1124 1364 venit.
1194 1317 1644 1377 Constantinopoli
1701 1317 1764 1363 de
1828 1334 1983 1375 regno

81 1408 498 1469 desperaverunt,
542 1407 661 1470 quia
701 1407 993 1453 adversario
1046 1405 1396 1452 valentissimo
1448 1405 1685 1451 resistere
1752 1405 1985 1466 impossi-

81 1497 184 1542 bile
227 1496 510 1543 videbatur.
579 1496 955 1542 Nonnullorum
998 1494 1265 1541 consilium
1310 1502 1434 1550 erat,
1496 1501 1549 1540 ut
1608 1494 1803 1540 incolae
1844 1494 1982 1540 urbis

76 1584 428 1646 amplissimae
481 1602 593 1631 eam
653 1584 1068 1645 derelinquentes
1126 1583 1175 1629 in
1234 1582 1357 1629 Asia
1412 1582 1592 1628 minori
1646 1599 1829 1629 novam
1889 1584 1983 1629 sibi

77 1681 383 1735 quaererent
425 1672 659 1734 patriam,
703 1672 786 1718 alii
828 1672 1191 1733 imperatorem
1233 1670 1402 1731 palam
1444 1678 1493 1716 et
1535 1671 1737 1732 publice
1786 1671 1981 1733 vitupe-

76 1769 331 1819 raverunt,
374 1760 520 1823 cujus
561 1762 711 1822 culpa
752 1761 1004 1807 exercitus
1045 1760 1210 1822 periit,
1255 1760 1451 1822 totique
1506 1761 1720 1822 imperio
1774 1761 1983 1806 exitium

75 1849 298 1896 affertur.
363 1851 627 1896 Autumno
687 1849 1061 1896 Constantinus
1122 1848 1300 1895 Dukas
1355 1849 1520 1895 solum
1582 1863 1676 1909 150
1731 1850 1983 1896 militibus

74 1938 350 1984 comitatus
403 1955 559 1999 prope
610 1938 857 1999 oppidum
912 1937 1270 1984 Choerobachi
1333 1938 1487 1999 (quod
1542 1938 1699 1984 situm
1752 1946 1860 1984 erat
1920 1937 1983 1983 ad

74 2027 339 2073 meridiem
390 2044 566 2073 versus
617 2027 681 2073 ab
733 2027 854 2072 urbe
912 2026 1303 2087 Hadrianopoli)
1363 2035 1535 2072 castra
1591 2027 1777 2087 posuit.
1835 2027 1982 2072 Tunc

73 2115 318 2176 temporis
356 2115 405 2161 in
447 2114 626 2161 castris
667 2114 904 2170 innotuit,
952 2114 1091 2160 Uzos
1131 2114 1316 2175 partim
1357 2114 1526 2175 gladio
1570 2115 1903 2161 Bissenorum
1934 2122 1983 2160 et

75 2204 428 2265 Bulgarorum,
461 2203 644 2264 partim
675 2203 755 2248 lue
785 2202 1352 2263 pestifera-consumtos
1381 2220 1493 2248 esse
1523 2211 1572 2249 et
1603 2204 1763 2249 duces
1809 2220 1982 2249 eorum

73 2299 213 2338 trans
256 2291 551 2338 Danubium
593 2291 865 2351 aufugisse,
909 2291 1038 2336 duos
1067 2307 1185 2336 vero
1215 2290 1374 2337 duces
1404 2292 1723 2338 Graecorum
1754 2292 1984 2352 captivos

72 2379 280 2425 tandem
322 2380 610 2426 libertatem
667 2383 1041 2440 recuperasse.¹
1093 2379 1304 2441 Aliquot
1355 2379 1618 2426 decenniis
1673 2381 1983 2426 transcursis

74 2468 293 2515 Cumani
333 2467 590 2513 victoriosi
648 2467 816 2513 denuo
872 2467 935 2512 ad
992 2466 1288 2513 Danubium
1343 2476 1683 2528 pervenerunt
1743 2476 1793 2513 et
1850 2486 1983 2514 anno

80 2570 202 2617 1071
251 2572 338 2616 per
379 2555 818 2601 Transsilvaniam
861 2554 1335 2616 septemtrionalem
1378 2556 1425 2601 in
1469 2556 1737 2617 planitiem
1779 2573 1982 2618 quoque

76 2644 412 2690 Biharensem
455 2647 895 2704 penetraverunt.²

225 2732 487 2778 Cumanos
516 2731 707 2793 praeda
734 2747 912 2791 graves
940 2748 1024 2776 rex
1054 2732 1309 2777 SOLOMON
1351 2739 1620 2777 assecutus
1655 2740 1749 2789 est,
1793 2749 1982 2793 eosque

74 2820 191 2865 licet
223 2836 251 2864 a
291 2819 540 2880 superiori
570 2818 680 2864 loco
710 2826 1010 2880 pugnarent,
1042 2819 1106 2864 ad
1136 2819 1536 2865 internecionem
1566 2819 1770 2865 delevit.
1802 2820 1981 2865 Trien-

74 2907 156 2952 nio
197 2915 311 2968 post
369 2906 577 2968 Bulgari
634 2914 683 2952 et
744 2906 946 2952 Bisseni
1001 2924 1157 2969 quum
1214 2908 1349 2954 idem
1403 2915 1705 2964 tentassent,
1763 2908 1980 2953 eundem

216 3084 226 3098 ¹
252 3079 337 3112 Vid.
362 3080 677 3122 «Byzantinische
697 3080 977 3113 Geschivhten»
1009 3092 1078 3114 von
1107 3082 1213 3115 AUG.
1236 3082 1305 3114 FR.
1335 3079 1562 3119 (}1⁴·}<(“)Rl‹]}x¹‚
1604 3081 1794 3122 hvrausg„
1825 3083 1978 3122 erganzt

73 3144 147 3176 und
176 3144 396 3185 fortgesetzt
424 3155 495 3176 von
527 3144 588 3177 Dr.
617 3144 649 3189 J
682 3144 719 3177 Ρ).
748 3144 905 3183 Wmss,
935 3145 1091 3177 (irati-'ie
1126 3145 1224 3190 1877.
1255 3146 1360 3178 Toni.
1395 3146 1460 3178 ΙΙΙ.
1490 3157 1578 3189 pag.
1607 3144 1803 3185 offis-ooo.

213 3213 225 3227 ²
253 3209 295 3241 V.
324 3210 420 3242 hanc
442 3210 652 3242 succintam
682 3209 877 3242 historiam
906 3210 1163 3242 incursionum
1186 3210 1442 3243 Cumanorum
1463 3210 1565 3255 apud
1584 3209 1684 3242 doct.
1709 3210 1977 3242 ROEsLssRUM

79 3273 359 3307 «Romanischc
388 3272 580 3307 Studien».
611 3273 705 3315 Pag.
734 3283 951 3319 329—330.-
