2187 3652
1022 124 1044 151 C
1049 125 1154 151 XXVI

137 241 291 286 immo
332 239 580 298 interpres
620 254 733 299 pag.
783 253 870 296 141
916 237 1126 283 verbum
1165 236 1453 299 sc'izlemegen
1498 253 1628 282 «non
1674 245 1752 283 est
1796 237 2027 283 locutus»

137 345 225 388 per
269 328 531 371 «locutus»
577 325 945 386 interpretatus
985 324 1077 370 est!
1123 324 1392 385 Quaedam
1433 325 1633 370 litterae
1679 324 1728 370 in
1777 325 2033 385 scriptura

135 415 330 463 codicis
388 430 755 476 nonnunquam
814 413 945 459 inter
1001 429 1055 459 se
1112 412 1242 458 adeo
1301 412 1542 468 similant,
1602 413 1739 474 quod
1793 413 1874 458 vix
1932 429 2032 458 una

135 505 198 550 ab
239 505 399 549 altera
441 502 683 564 distingui
725 502 901 563 possit,
945 501 1016 547 ita
1056 519 1098 548 e.
1141 518 1187 562 g.
1229 518 1251 545 c
1288 508 1336 546 et
1377 506 1407 556 t,
1449 530 1514 534 —
1552 500 1583 546 le
1622 508 1672 546 et
1711 501 1751 546 b.

275 591 501 637 Primam
543 591 734 637 codicis
775 598 973 651 partem
1015 589 1241 652 quinque
1282 588 1512 634 diversae
1553 605 1737 634 manus
1776 589 2031 650 conscrip-

134 689 322 726 serunt.
370 681 521 735 Eum,
564 679 650 741 qui
692 678 970 724 maximum
1012 677 1206 724 codicis
1258 684 1457 738 partem
1510 676 1832 738 conscripsit,
1876 677 2032 738 scrip—

133 780 292 814 torem
335 768 527 814 codicis
568 783 953 827 nuncupamus;
995 766 1136 811 illum
1170 765 1355 810 Italum
1384 766 1696 829 Januensem
1731 765 1903 822 fuisse,
1935 782 2033 811 non

133 859 296 904 solum
338 857 605 917 scriptura,
649 855 737 901 sed
786 855 940 900 etiam
993 853 1356 917 orthographia
1408 853 1588 914 arguit.
1652 854 1797 899 Haec
1852 870 2033 900 manus

132 947 328 992 litteras
369 946 535 1005 largas
576 943 925 1005 rotundasque
967 943 1186 1004 scripsit,
1223 959 1354 1004 quae
1396 941 1634 988 facillime
1664 942 1760 1003 legi
1802 949 2030 1003 possunt,

130 1065 191 1068 ρ
237 1051 417 1081 sonum
458 1051 485 1077 v
526 1049 728 1093 semper
767 1049 857 1094 per
897 1048 941 1087 u,
994 1048 1272 1078 consonam
1314 1047 1433 1076 vero
1473 1030 1503 1075 le
1543 1031 1843 1092 plerumque
1887 1047 1975 1091 per
2013 1048 2035 1075 c

131 1122 411 1169 denotavit.
476 1122 665 1167 Manus
706 1120 932 1166 secunda
973 1120 1269 1166 charactere
1310 1118 1528 1176 diformi,
1583 1119 1732 1179 longo
1773 1126 1823 1164 et
1877 1135 2030 1179 saepe

130 1220 364 1271 angustO,
425 1218 714 1256 atramento
771 1209 912 1270 nigro
971 1208 1191 1269 scripsit,
1252 1208 1481 1254 vocalem
1540 1225 1570 1252 ιι
1627 1207 1690 1253 ab
1747 1214 1778 1252 ci
1834 1207 2031 1253 solicite

130 1300 359 1347 distinxit
400 1316 618 1361 eamque
659 1314 747 1359 per
775 1298 994 1343 litteram
1046 1309 1073 1345 2
1118 1296 1416 1352 denotabat,
1447 1325 1513 1328 *—
1541 1312 1819 1342 consonam
1848 1312 1876 1340 v
1903 1312 2032 1341 sem-

131 1406 219 1450 per
257 1406 284 1433 2⁷
324 1387 626 1450 designavit,
669 1404 711 1432 e.
754 1402 798 1447 g.
846 1380 952 1432 «vl»
998 1385 1047 1431 id
1090 1393 1166 1431 est
1212 1385 1372 1441 «vel»,
1414 1401 1504 1446 pro
1532 1402 1633 1447 qua
1673 1383 2034 1446 conjunctione

130 1477 386 1524 interdum
416 1476 630 1522 formam
661 1475 1012 1521 abbreviatam
1041 1468 1304 1534 sscripsit.
1347 1474 1535 1518 Manus
1563 1472 1714 1518 tertia
1748 1480 2035 1518 atramento

130 1583 230 1612 non
284 1581 487 1626 semper
540 1565 826 1626 aequaliter
878 1564 1019 1624 nigro
1072 1564 1269 1609 litteras
1321 1562 1635 1624 aequabiles,
1689 1569 1934 1623 angustas
1985 1570 2033 1607 et

128 1655 320 1700 formae
362 1661 544 1700 acutae
586 1652 788 1713 scripsit
830 1669 1213 1715 consonamque
1262 1669 1289 1696 v
1329 1668 1531 1713 semper
1570 1667 1660 1712 per
1698 1668 1737 1707 v,
1779 1650 2033 1697 interdum

128 1762 245 1789 vcro
275 1745 438 1804 ipsam
468 1743 699 1789 vocalem
731 1759 759 1786 u
790 1758 878 1803 per
905 1759 932 1786 v
959 1741 1297 1802 transcripsit,
1341 1758 1383 1786 e.
1405 1757 1449 1802 g.
1483 1756 1595 1801 pag.
1628 1755 1686 1800 14
1720 1739 2032 1796 «condvco»,

128 1861 195 1866 —
235 1832 462 1878 vocalem
503 1819 531 1876 iz
565 1843 617 1887 a,
659 1848 682 1875 e
721 1831 899 1876 ansula
940 1831 1179 1876 deorsum
1217 1837 1474 1890 protracta
1515 1829 1835 1891 designabat,
1879 1858 1945 1862 —
1984 1829 2032 1874 in

130 1921 226 1967 fine
268 1938 385 1966 vero
426 1920 661 1966 vocabuli
703 1936 982 1965 consonam
1023 1918 1053 1964 le
1101 1919 1402 1980 plerumque
1454 1917 1485 1963 lc
1524 1926 1573 1963 et
1616 1934 1714 1962 non
1755 1935 1777 1962 c
1814 1917 2031 1978 scripsit,

129 2027 170 2055 e.
214 2027 258 2067 g.
303 2008 502 2054 z'arlclz'k
547 2015 906 2069 «paupertas«,
950 2037 1015 2039 —
1046 2007 1259 2069 yzcmsak
1299 2024 1412 2068 pag.
1458 2009 1559 2063 60„
1600 2035 1668 2039 —
1706 2009 1737 2050 s'
1768 2014 1942 2052 autern
1983 2007 2032 2052 in

127 2097 435 2159 quibusdam
477 2096 724 2157 exemplis
765 2113 854 2157 per
891 2095 968 2141 sclc
1011 2096 1240 2152 notabat,
1283 2113 1325 2142 e.
1355 2112 1399 2157 g.
1430 2095 1804 2141 labuscllirmen.
1837 2096 2033 2155 Quarta

127 2203 307 2231 manus
348 2186 565 2246 primum
607 2185 655 2230 in
693 2201 806 2246 pag.
839 2188 902 2232 26
933 2184 1156 2240 obvenit,
1190 2202 1351 2247 eaquc
1393 2185 1589 2230 litteras
1622 2184 1953 2241 minusculas,
1984 2191 2034 2229 et

126 2275 250 2320 satis
291 2274 533 2336 aequales
572 2281 860 2319 atramento
901 2273 1092 2333 pallido
1133 2274 1352 2335 scripsit,
1408 2274 1636 2320 vocalem
1677 2291 1705 2318 a
1749 2273 2031 2320 secundum

129 2363 429 2423 scripturam
468 2363 692 2409 italicam
729 2369 778 2408 et
824 2362 1052 2409 vocalem
1087 2380 1110 2407 e
1155 2379 1308 2423 saepe
1337 2379 1361 2407 θ
1393 2379 1491 2407 non
1532 2378 1739 2423 prorsus
1780 2362 1970 2418 clauso,
2003 2364 2063 2406 κ’

127 2468 244 2496 vcro
271 2468 315 2495 w
343 2451 615 2508 scribebat,
660 2468 702 2497 e.
727 2467 772 2512 g.
816 2468 930 2514 pag.
974 2467 1039 2511 40
1079 2451 1189 2497 daw
1228 2468 1318 2513 pro
1358 2451 1517 2497 [laam
1557 2450 1817 2512 scriptoris
1857 2450 2030 2497 italici.

132 2541 276 2586 Haec
318 2540 498 2586 eadem
540 2557 721 2586 manus
748 2540 779 2586 le
807 2541 855 2587 in
897 2540 995 2587 fine
1037 2540 1272 2588 vocabuli
1314 2557 1402 2601 per
1429 2539 1460 2585 k
1500 2547 1549 2585 et
1589 2556 1651 2600 qu
1694 2540 1741 2585 in
1782 2539 2034 2586 vocabulo

133 2628 551 2690 «quotidianum»
599 2645 689 2690 per
738 2646 761 2674 c
811 2629 1022 2675 notabat
1070 2628 1470 2690 (acotidianum»
1527 2644 1639 2689 pag.
1682 2629 1747 2674 60
1798 2627 2030 2689 codicis).

129 2718 321 2776 Quinta
363 2734 545 2763 manus
586 2734 698 2780 pag.
744 2733 800 2765 21
848 2726 1151 2780 sequentem
1194 2717 1472 2764 dictionem
1515 2718 1745 2779 scripsit:

549 2841 658 2903 leym
688 2858 828 2904 maga
855 2842 989 2887 bersa
1018 2841 1288 2905 mendczgar
1310 2842 1512 2903 bernym.

550 2930 658 2992 hym
688 2948 827 2992 lllclg'cl
854 2931 1096 2977 bermasscl
1124 2929 1394 2992 mencl'clgclr
1415 2930 1623 2975 bel'mcln.

129 3063 390 3123 Scriptura
435 3064 585 3125 hujus
626 3071 808 3111 manus
850 3066 1011 3111 nitida
1052 3074 1129 3111 est
1158 3066 1525 3128 characterque
1567 3065 1676 3127 ejus
1706 3065 1829 3111 satis
1859 3073 2028 3110 rotun-

126 3152 236 3197 dus.
286 3153 428 3198 Haec
471 3170 651 3198 manus
690 3171 719 3198 cz
745 3172 788 3202 ο,
828 3154 1045 3215 scripsit.
1091 3154 1348 3211 Secunda,
1391 3154 1540 3200 tertia
1569 3162 1618 3200 et
1648 3161 1829 3216 quarta
1871 3154 2027 3213 scrip-

127 3248 239 3285 tura
281 3241 575 3302 supradicta
617 3243 772 3288 ctiam
815 3244 863 3288 in
906 3243 1132 3289 secunda
1161 3243 1354 3290 codicis
1396 3251 1537 3304 parte
1567 3250 1796 3304 apparet,
1839 3258 2029 3304 casque
