2187 3652
1107 114 1221 140 LXXX

213 246 367 275 unum
409 245 593 289 corpus
634 227 839 273 conflati
881 228 1142 273 evidenter
1182 243 1235 272 se
1276 227 1431 272 etiarn
1482 228 1531 272 in
1572 227 1722 273 rebus
1762 227 2010 288 religiosis
2050 228 2113 273 ad

211 318 528 362 voluntatem
567 317 816 361 victorum
858 315 1263 361 conformabant.
1293 315 1554 378 JOSEPHUS
1586 315 1790 371 ΒΕΝΚῶ,
1819 315 1894 360 vir
1932 316 2114 362 multa-

211 422 319 450 rum
362 405 661 460 litterarum,
705 404 753 449 in
794 411 986 465 puncto
1016 403 1347 464 episcopatus
1372 402 1723 449 Milkoviensis
1753 403 2037 449 sententiae
2059 404 2114 450 cl.

214 494 352 538 PRAY
410 492 707 554 neutiquam
766 491 1012 538 adhaeret
1070 491 1530 553 episcopatumque
1589 491 1939 537 Cumanorum
1998 508 2115 537 cum

215 580 537 626 Milkoviensi
579 580 797 626 eundem
839 596 950 625 esse
991 578 1245 636 adfirmat,
1289 578 1433 640 cujus
1473 579 1543 625 rei
1571 579 1942 626 validissimum
1971 595 2116 641 argu-

212 677 440 714 mentum
482 668 531 714 in
560 667 794 730 sequenti
824 676 999 713 tenore
1029 667 1314 713 litterarum
1344 667 1703 725 THEoDoffici,
1734 667 1963 729 episcopi
2000 667 2115 713 Mil-

212 756 463 802 koviensis
503 756 567 802 ad
598 756 821 802 decanos
851 756 1141 802 Siculorum
1165 763 1463 802 contentum
1493 773 1603 802 esse
1644 756 1768 802 dicit
1793 773 1801 801 :
1832 755 2116 801 «THEODO-

213 861 362 890 rucus
392 874 456 877 —
488 874 554 877 —a
582 873 647 876 —
676 844 798 905 quid
827 844 972 889 vobis
988 843 1145 890 officit
1174 843 1394 889 nominis
1411 844 1644 900 mutati0‚
1676 844 1857 890 eadem
1876 851 2118 890 manente

214 933 563 994 Episcopatus
591 949 710 993 erga
737 941 960 978 vestram
992 931 1269 978 Nationem
1300 932 1496 979 ratione
1525 941 1576 979 et
1603 932 1824 978 virtute?
1854 933 2041 978 Nonne
2069 931 2117 978 in

215 1021 457 1066 Ecclesia
488 1020 679 1067 Christi
711 1021 774 1066 D.
807 1021 984 1082 lupum
1013 1028 1063 1066 et
1091 1036 1279 1081 agnum
1309 1038 1408 1066 una
1437 1021 1579 1083 pasci
1609 1019 1885 1067 convenit?
1927 1019 2118 1081 Quidni

212 1109 367 1154 etiam
411 1109 640 1155 Siculum
671 1126 787 1155 cum
829 1109 1076 1165 Commo,
1121 1116 1169 1154 et
1218 1108 1491 1171 Olahoque
1538 1108 1944 1170 (Wzlaclzoque)f‘
1993 1109 2119 1154 Res-

212 1198 401 1259 picitnc
446 1198 589 1243 Deus
631 1197 950 1243 Personam?
998 1206 1242 1258 acceptos
1282 1198 1437 1244 habet
1478 1215 1503 1244 e
1544 1197 1724 1259 quavis
1770 1197 1992 1254 natione,
2035 1196 2119 1258 qui

211 1303 327 1332 eum
384 1286 565 1331 timent
619 1293 669 1332 et
723 1294 998 1347 operantur
1051 1285 1311 1347 justitiae;
1365 1295 1415 1332 et
1466 1304 1491 1333 e
1544 1286 1840 1332 diversitate
1893 1284 2119 1347 gentium

214 1376 618 1436 linguarumque,
662 1374 711 1419 in
752 1374 1002 1420 unitatem
1029 1374 1173 1421 Fidei
1216 1392 1334 1421 suos
1374 1383 1663 1437 congregat.
1689 1374 1878 1421 Audite
1900 1375 2119 1436 Aposto-

212 1465 314 1509 lum
357 1463 629 1519 dicentem,
673 1480 771 1508 non
813 1480 922 1508 esse
966 1463 1240 1520 Graecum,
1265 1464 1343 1510 vel
1382 1463 1652 1527 Judaeum,
1679 1480 1777 1509 non
1815 1463 2118 1518 Barbarum,

213 1552 288 1598 vel
309 1552 573 1613 Scytham.
602 1580 672 1585 —
698 1572 795 1594 ——»
819 1552 971 1597 Hunc
996 1551 1281 1598 litterarum
1312 1560 1539 1599 tenorem
1571 1553 1759 1598 ΒΕΝΚῶ
1788 1551 2122 1614 sequentibus

212 1641 423 1687 vocibus
463 1648 842 1687 commentatus
883 1648 987 1686 est:
1039 1641 1221 1686 «Hanc
1262 1640 1545 1687 litterarum
1587 1649 1802 1703 partem,
1834 1657 1966 1703 quae
2006 1656 2119 1702 pro-

213 1729 344 1775 fecto
385 1729 538 1776 debet
594 1729 739 1775 nobis
793 1747 916 1776 auro
967 1737 1144 1776 contra
1196 1747 1307 1776 esse
1357 1730 1526 1786 chara,
1580 1729 1711 1776 inter
1768 1729 1960 1791 scripta
2011 1729 2119 1793 Jos.

215 1818 515 1865 TEUTsCHn
576 1818 794 1865 Saxonis
854 1818 1193 1875 Coronensis,
1254 1835 1407 1881 quem
1467 1818 1918 1865 «Transilvaniae»
1976 1833 2122 1863 meae

215 1907 365 1953 Tom.
413 1908 480 1953 ΙΙ.
525 1925 572 1969 p.
618 1922 734 1968 527,
778 1907 998 1964 laudavi,
1036 1915 1307 1968 repertam,
1340 1906 1535 1953 utinam
1569 1907 1754 1969 aliquis
1782 1923 1898 1953 cum
1939 1905 2122 1952 ceteris

215 1996 457 2042 membris
487 1996 865 2042 manifestaret:
897 1996 967 2042 ita
989 1996 1158 2042 forsan
1182 1995 1598 2057 conspiceremus
1620 2013 1681 2042 ex
1704 1995 1913 2057 integris
1941 1994 2123 2040 litteris

215 2085 439 2146 aliquam
482 2086 831 2132 Cumanorum
876 2084 1224 2147 Episcopatus
1264 2085 1447 2131 lucem.
1480 2085 1592 2146 Ego
1621 2084 1828 2146 quidem
1864 2084 2121 2130 incassum

218 2191 377 2235 usque
407 2174 470 2220 ad
512 2174 642 2220 hanc
685 2174 820 2220 diem
863 2191 1274 2236 quaquaversum
1316 2181 1665 2235 perscrutatus
1706 2191 1833 2219 sum.
1878 2172 2030 2233 Quod
2059 2171 2123 2217 ad

216 2262 344 2308 hanc
386 2280 504 2309 vero
545 2263 848 2325 particulam
891 2263 1105 2319 adtinet,
1155 2262 1350 2308 obtinui
1392 2262 1487 2308 hac
1528 2262 1886 2324 inscriptione:
1929 2261 2127 2307 Lz'terae

216 2351 555 2397 THEODomffl
586 2352 814 2415 Episcopi
849 2351 919 2398 ad
940 2353 1160 2397 Decanos
1188 2353 1471 2397 ZEKELios.
1505 2351 1734 2397 Dubium
1775 2367 1874 2396 non
1915 2357 2008 2406 est,
2040 2366 2129 2411 per

217 2441 484 2487 ZEIOELios
526 2440 679 2503 hujus
724 2440 914 2487 librarii
957 2440 1190 2497 Saxonis,
1235 2439 1593 2502 intelligendos
1622 2455 1733 2486 esse
1763 2439 2005 2496 SICULos,
2028 2454 2130 2500 quo

218 2529 423 2575 nomine
466 2530 723 2592 hodieque
765 2547 794 2576 a
835 2530 1126 2577 Saxonibus
1165 2537 1439 2586 vocantur;
1484 2529 1640 2575 immo
1670 2529 1872 2576 Siculus
1924 2526 2129 2589 ipsimet

217 2617 391 2664 Siculo
433 2618 688 2675 SZEKELY,
732 2619 945 2681 antiqua
985 2619 1261 2681 scriptione
1303 2619 1498 2675 ZEIOEL,
1530 2617 1782 2674 scribitur,
1814 2615 2127 2663 nominatur-

215 2723 331 2767 que.
375 2706 775 2754 THEoDomcUM
800 2715 972 2754 autem
996 2707 1149 2754 fuisse
1179 2707 1399 2754 eundern
1429 2707 1779 2753 Cumanorum
1812 2703 2126 2761 Praesulem,

216 2793 360 2855 cujus
401 2804 504 2841 not.
550 2811 594 2843 2.
638 2813 682 2842 a.
725 2796 918 2842 mentio
959 2796 1094 2842 facta
1134 2804 1227 2853 est,
1253 2796 1365 2858 ipsa
1392 2795 1547 2842 verba
1576 2795 1862 2841 litterarum
1891 2799 2125 2855 arguunt.

217 2882 269 2929 Si
330 2883 450 2945 quid
506 2884 718 2946 proinde
771 2884 1068 2946 conjectura
1119 2884 1376 2947 adsequor
1395 2874 1608 2945 {laegre
1662 2882 1894 2929 ferebant
1953 2880 2128 2937 Siculi,

218 2972 557 3034 Episcopatui
601 2972 925 3019 Milkoviensi
968 2990 1058 3035 pro
1099 2973 1223 3036 ipsis
1276 2973 1501 3029 condito,
1558 2989 1587 3018 a
1639 2970 1888 3018 Cumanis
1943 2986 2128 3016 nomen

216 3060 434 3106 inditum
475 3078 615 3107 esse:
659 3061 873 3108 oderant
914 3061 1048 3108 enirn
1090 3062 1227 3107 illam
1257 3070 1478 3123 gentem,
1509 3060 1765 3116 nimirum,
1796 3076 1926 3121 quae
1968 3059 2128 3104 multa

217 3149 421 3195 hostilia
451 3149 695 3196 adversus
719 3151 937 3205 Siculos,
972 3151 1332 3212 Hungaroqu
1364 3150 1569 3212 saepius
1597 3155 1906 3211 patraverat.
1938 3147 2126 3193 Viden-

218 3247 298 3284 tur
338 3255 488 3301 porro
528 3238 741 3286 caedem
783 3239 983 3286 litterae
1037 3238 1263 3296 innuere,
1318 3239 1582 3286 Cumanos
1633 3237 1743 3294 hos,
1797 3244 1911 3283 utut
1965 3235 2128 3298 prima
