2187 3652
961 131 1111 157 CXXVII

80 245 356 305 scriptu-ras
391 243 497 306 jam
539 244 633 290 hac
676 261 831 290 causa
872 243 1207 304 scriptoribus
1264 244 1569 299 germanicis
1625 244 1980 289 attribuendas

79 349 190 379 esse
243 332 365 378 nihil
418 331 612 377 dubito.
675 332 939 393 Scriptura
989 340 1037 377 et
1091 330 1453 392 orthographia
1506 331 1684 377 itidem
1725 332 1838 376 illos
1878 340 1980 377 tres

80 421 353 482 scriptores
391 436 661 481 germanos
702 419 856 466 fuisse
897 419 1170 465 manifesto
1217 419 1534 479 comprobat.
1598 420 1676 465 De
1730 420 1976 479 scriptura

80 509 289 571 quintae
342 525 524 554 manus
581 507 767 554 dubius
819 525 948 565 sum,
999 525 1062 554 an
1104 524 1217 553 eam
1270 506 1503 567 scriptori
1556 508 1760 554 cuidam
1809 508 1980 553 italico

80 597 375 654 attribuam,
419 596 686 643 character
725 597 858 642 enim
900 595 1009 658 ejus
1051 596 1268 642 multum
1311 595 1484 642 italico
1513 595 1719 652 similat,
1746 603 1814 641 at
1855 596 1979 641 haec

80 685 261 731 eadem
302 685 552 747 scriptura
592 685 747 731 etiam
788 685 837 731 in
879 684 1103 731 secunda
1143 684 1336 731 codicis
1365 691 1508 744 parte
1549 683 1729 729 adesse
1763 683 1978 739 videtur,

82 773 227 836 cujus
257 773 513 820 secundae
542 773 785 820 sectionis
814 774 1088 819 maximam
1131 780 1328 834 partem
1371 773 1645 833 scriptores
1683 771 1978 833 germanici,

81 863 318 908 nimirum
377 862 684 908 missionarii
736 879 762 907 e
823 862 1102 908 Germania
1155 862 1249 907 orti
1303 861 1731 922 conscripserunt.
1791 859 1980 906 Menda

80 950 475 1011 orthographica
515 951 708 1011 primae
749 950 940 997 codicis
982 949 1140 1010 partis
1170 949 1423 995 interdum
1454 949 1560 1009 ipse
1590 949 1806 1009 scriptor
1833 966 1979 994 voca-

80 1036 278 1096 bularii,
339 1039 439 1085 alia
492 1039 600 1085 vice
653 1056 783 1084 unus
834 1045 1193 1084 annotatorum
1246 1037 1652 1099 germanicorum
1720 1037 1980 1098 (secunda,

81 1128 247 1184 tertia,
290 1135 471 1190 quarta
512 1128 711 1189 manus)
747 1127 979 1174 correxit.
1024 1126 1383 1173 Correctiones
1424 1134 1700 1188 sequentes
1740 1133 1857 1171 sunt
1894 1141 1983 1172 1.s

81 1232 234 1277 saepe
275 1216 323 1262 in
362 1233 389 1261 3
416 1223 700 1263 correctum
742 1223 835 1272 est,
879 1234 921 1261 e.
963 1233 1008 1278 g.
1051 1214 1320 1260 esitm'men
1364 1231 1407 1262 2.
1438 1222 1694 1261 corrector
1734 1214 1870 1259 haud
1913 1215 1981 1259 ita

82 1327 192 1356 raro
230 1327 253 1355 s
293 1311 340 1356 in
379 1327 416 1355 x
455 1310 687 1367 correxit,
731 1328 773 1356 e.
816 1326 860 1371 g.
906 1327 1018 1372 pag.
1065 1326 1121 1357 21
1166 1287 1436 1370 «especto»
1471 1317 1519 1355 et
1560 1309 1640 1355 hic
1681 1316 1981 1354 annotatum

83 1416 195 1445 esse
233 1399 364 1456 volo,
405 1398 510 1461 jam
567 1399 866 1460 scriptorem
920 1397 1232 1445 vocabularii
1286 1398 1506 1444 litteram
1560 1414 1583 1442 s
1622 1405 1672 1444 et
1710 1413 1747 1441 x
1786 1398 1834 1443 in
1875 1398 1982 1459 qui-

82 1487 297 1534 busdam
339 1488 585 1549 exemplis
636 1488 922 1549 promiscue
964 1488 1227 1548 scripsisse
1280 1503 1326 1546 3.
1382 1493 1636 1533 corrector
1687 1485 1908 1531 litteram
1956 1503 1983 1529 a

85 1576 342 1622 interdum
384 1576 433 1622 in
472 1582 504 1621 (ἱ
542 1576 835 1622 emendavit
875 1592 922 1636 4.
966 1576 1135 1622 littera
1162 1592 1187 1620 ο
1215 1575 1471 1622 interdum
1514 1576 1562 1621 in
1590 1582 1618 1619 ὸ·
1642 1581 1985 1621 transmutata

83 1673 159 1711 est
202 1678 246 1723 5.
289 1664 424 1711 haud
466 1664 535 1711 ita
576 1682 688 1711 raro
728 1683 788 1711 ex
828 1682 859 1710 τι
900 1664 1134 1711 ifactum
1175 1672 1250 1710 est
1280 1667 1326 1710 6.
1358 1664 1612 1710 interdum
1653 1663 1820 1709 littera
1862 1662 1985 1707 elisa

83 1760 330 1799 annotata
371 1761 464 1810 est,
508 1754 656 1800 sicin
686 1752 996 1816 quibusdam
1039 1753 1285 1814 exemplis
1326 1769 1552 1799 consona
1582 1769 1610 1797 ν
1646 1766 1690 1813 7.
1732 1758 1986 1798 corrector

83 1858 196 1903 pag.
246 1857 301 1901 13
344 1842 422 1888 litt
452 1859 489 1904 y
529 1843 577 1888 in
609 1859 648 1905 g
682 1843 992 1904 permutavit
1018 1842 1253 1904 (g‘l'clm‘ar
1288 1842 1399 1888 loco
1430 1841 1613 1903 yicrcm‘,
1644 1840 1693 1886 id
1735 1848 1812 1885 est
1843 1835 1980 1915 hal),

83 1946 213 1992 quae
254 1931 426 1977 voluta
466 1932 714 1978 correctio
757 1947 931 1976 revera
971 1930 1230 1991 corruptio
1270 1930 1431 1976 evasit
1474 1931 1519 1974 8.
1564 1930 1789 1974 litteram
1817 1945 1839 1973 c
1875 1945 1981 1974 cor—

85 2026 250 2065 rector
290 2019 544 2065 interdum
586 2020 636 2065 in
675 2019 705 2065 k
745 2019 1122 2076 transmutavit,
1154 2036 1196 2064 e.
1227 2036 1272 2079 g.
1305 2034 1418 2079 pag.
1457 2034 1515 2063 IO
1543 2017 1813 2072 sokarmen,
1855 2033 1985 2078 quae

84 2107 244 2154 forma
295 2125 355 2154 ex
407 2108 637 2165 originali
686 2124 930 2153 socczrmen
981 2124 1078 2168 ope
1137 2107 1351 2152 lineolae
1409 2106 1664 2152 verticalis
1722 2105 1921 2150 litterae
1969 2122 1990 2149 c

85 2196 359 2257 adjunctae
399 2196 533 2243 facta
572 2204 649 2242 est
704 2213 749 2256 9.
806 2204 1079 2242 annotator
1132 2195 1389 2241 interdum
1442 2194 1655 2240 formam
1709 2193 1985 2252 vulgarem,

86 2284 437 2330 abbreviatam
479 2285 528 2330 in
569 2284 783 2330 sormam
813 2285 1153 2347 antiquiorem
1183 2284 1567 2345 plenioremque
1597 2282 1830 2338 mutavit,
1862 2298 1904 2327 e.
1940 2299 1984 2343 g.

84 2371 190 2433 agis
231 2372 342 2419 loco
381 2372 492 2418 auis
532 2389 644 2435 pag.
694 2388 806 2433 124.

231 2461 405 2507 Etiam
456 2461 505 2507 in
558 2461 783 2507 secunda
836 2461 1029 2507 codicis
1082 2468 1242 2522 parte,
1298 2477 1451 2523 quam
1494 2460 1565 2505 uti
1603 2458 1707 2520 jam
1750 2458 1985 2514 (liximuS,

88 2565 324 2610 magnam
377 2557 574 2611 partem
623 2549 928 2595 missionarii
982 2549 1102 2595 fidei
1167 2548 1477 2595 christianae
1526 2546 1803 2617 germanici
1869 2562 1985 2591 con-

88 2636 415 2697 scripserunt,
459 2638 689 2685 diversae
730 2638 1012 2700 scripturae
1052 2646 1318 2699 apparent,
1362 2637 1600 2684 nimirum
1655 2653 1695 2682 1.
1739 2635 1985 2696 scriptura

87 2725 317 2787 aequalis
357 2734 407 2772 et
447 2727 721 2773 maximam
763 2734 958 2788 partem
1009 2727 1115 2772 sine
1170 2726 1270 2773 ulla
1321 2726 1458 2789 gravi
1512 2725 1816 2771 difficultate
1869 2724 1986 2780 legi-

89 2813 218 2869 bilis,
262 2831 413 2875 quam
455 2815 671 2876 scriptor
698 2815 883 2877 partim
913 2822 1201 2861 atramento
1231 2815 1387 2873 nigro,
1419 2813 1602 2875 partim
1632 2812 1815 2858 coloris
1843 2811 1986 2857 diluti

88 2901 391 2962 conscripsit
434 2918 477 2949 2.
521 2903 770 2964 scriptura
812 2902 1067 2959 deformis,
1111 2901 1367 2948 interdum
1407 2902 1487 2946 vix
1528 2900 1744 2959 legibilis·
1797 2915 1842 2958 3.
1888 2899 1983 2944 for-

90 2998 226 3035 tasse
267 2992 641 3052 aut‹‘)graphuin
687 2993 1018 3036 PFTRARCHAE
1071 3006 1117 3049 4.
1173 3007 1353 3035 manus
1406 2988 1674 3050 cujusdam
1729 2987 1989 3048 scriptoris

92 3078 247 3123 italici
291 3094 334 3139 5.
378 3079 628 3140 scriptura
670 3079 946 3124 difficulter
986 3079 1218 3137 legibilis,
1261 3078 1310 3123 in
1363 3094 1463 3139 qua
1516 3077 1765 3137 scriptura
1819 3076 1986 3132 aenig-

93 3174 230 3211 mata
271 3167 560 3227 conscripta
601 3167 918 3228 reperiuntur
958 3170 1003 3213 6.
1054 3183 1167 3228 pag.
1230 3182 1323 3213 120
1376 3182 1536 3227 usque
1589 3165 1652 3210 a‹l
1706 3164 1986 3209 orationem

94 3254 401 3300 dominicam
468 3254 716 3317 scriptura
775 3255 899 3301 satis
947 3255 1122 3312 nitida,
1184 3271 1337 3317 quam
1398 3253 1612 3314 scriptor
1668 3251 1989 3313 germanicus
