2187 3652
1058 88 1132 114 xlv

147 219 378 250 aversam
419 201 785 263 cooperimenti
827 208 1025 262 partem
1067 200 1116 245 in
1158 199 1295 245 corio
1335 199 1446 261 ipso
1481 200 1786 261 impressum
1828 200 2051 246 cernitur

146 300 196 337 et
237 307 389 352 super
434 289 583 351 primi
635 288 740 334 folii
793 288 1062 334 adversam
1104 295 1154 333 et
1207 287 1373 332 ultimi
1421 287 1526 333 folii
1559 304 1811 333 ¹aversam
1866 287 2049 349 stigma

145 379 489 425 bibliothecae
544 376 815 423 nationalis
882 375 1186 421 parisiensis
1260 375 1680 437 («l3ibliotheque
1731 376 2043 438 nationale»)

140 467 299 513 videri
340 473 526 528 potest.
562 466 848 527 Imperator
877 464 1011 510 enim
1044 465 1402 509 NAPOLEONUS
1431 463 1626 525 primus
1667 463 1800 509 hunc
1843 480 2048 526 quoque

142 556 372 602 codicem
427 571 544 600 curn
596 553 710 599 aliis
768 552 1022 598 thesauris
1074 551 1420 597 bibliothecae
1476 552 1539 599 D.
1596 553 1771 598 MARcr
1827 552 2050 598 Parisios

143 643 475 704 transportari
522 641 691 703 jussit,
740 641 874 686 unde
922 648 1038 701 post
1091 640 1286 702 aliquot
1340 640 1498 686 lustra
1549 640 1780 687 Venetiis
1840 640 2049 687 tandem

142 733 408 779 restitutus
447 731 626 776 fuerat.

284 822 424 866 Ecce
466 836 709 881 praesens
752 818 962 865 Codicis
1004 818 1291 879 signatura:

1010 922 1181 951 DXLIX.

913 997 1053 1041 Arm.
1098 1011 1277 1040 LXXXV.

1015 1085 1073 1130 C.
1119 1086 1172 1130 80

281 1176 569 1231 Cormmss,
619 1175 691 1220 uti
744 1174 981 1230 vidimus,
1038 1174 1192 1234 paulo
1245 1173 1497 1219 diversam
1550 1174 1678 1219 Cod.
1735 1174 2048 1236 signaturam

139 1265 296 1320 dedit,
340 1264 559 1309 scilicet:

1012 1368 1183 1396 DXLIX.

931 1443 1070 1486 Arm.
1114 1440 1172 1486 E.
1224 1456 1263 1485 Ι.

281 1530 404 1575 lude
445 1529 800 1590 perspicimus,
844 1530 1078 1574 codicem
1120 1539 1350 1574 nostrum
1392 1538 1507 1589 post
1549 1528 1658 1590 ejus
1698 1529 1899 1575 felicem
1947 1545 2046 1574 res-

137 1619 427 1664 titutionem
471 1618 816 1664 bibliothecae
860 1619 923 1664 D.
971 1620 1147 1664 Mmm
1196 1619 1244 1663 in
1299 1619 1398 1664 alio
1452 1618 1671 1664 armario
1725 1618 2048 1664 reconditum

135 1707 304 1763 fuisse,
348 1725 505 1769 quare
545 1725 701 1769 quum
745 1724 877 1752 anno
926 1709 1051 1768 1873
1085 1707 1375 1768 praefectus
1410 1707 1755 1753 bibliothecae
1784 1706 1895 1768 ejus
1923 1716 2047 1753 tem-

137 1797 272 1857 poris
313 1796 642 1842 doctissimus
683 1796 843 1841 abbas
886 1797 1332 1842 VALEN'HNELLus
1374 1796 1605 1841 codicem
1635 1796 1733 1841 mei
1763 1796 1926 1858 gratia
1954 1813 2048 1857 ope

136 1884 440 1946 antiquioris
477 1885 768 1946 signaturae
799 1885 1132 1946 perquireret,
1165 1902 1281 1930 eum
1312 1885 1530 1946 reperire
1561 1883 1836 1930 difficulter
1865 1884 2046 1946 potuit.

137 1973 244 2019 Sub
286 1974 541 2035 praesenti
584 1973 908 2034 praefectura
948 1973 1039 2019 viri
1083 1990 1314 2019 summae
1355 1972 1620 2019 doctrinae
1661 1980 1710 2019 et
1759 1973 2046 2018 humanita—

136 2062 215 2117 tis,
260 2062 527 2108 clarissimi
566 2062 610 2126 J.
654 2063 878 2108 VELUDO
918 2079 1077 2108 novus
1119 2061 1355 2108 codicum
1403 2061 1728 2107 orientalium
1783 2061 2048 2122 catalogus

137 2150 608 2211 auspicatissimum
649 2150 913 2196 exordium
955 2151 1094 2212 cepit
1133 2158 1184 2196 et
1225 2167 1342 2212 spes
1382 2167 1474 2196 nos
1502 2157 1659 2206 tenet,
1692 2167 1878 2196 novum
1906 2150 2047 2196 illum

136 2240 426 2300 catalogum
462 2239 568 2301 jam
609 2239 659 2284 in
700 2240 930 2301 proxima
977 2240 1295 2301 expositione
1351 2239 1560 2285 Parisiis
1613 2239 1662 2285 in
1710 2247 2046 2302 conspectum

136 2327 269 2388 vulgi
311 2328 490 2374 datum
532 2328 604 2374 iri.

1061 2543 1127 2588 ll.

277 2683 465 2746 JULius
498 2683 858 2731 KLAPROTHUS
896 2686 1068 2746 (1783,
1092 2688 1121 2742 ἦ·
1144 2687 1316 2747 1835),
1341 2685 1415 2731 vir
1436 2685 1485 2731 in
1511 2685 1801 2731 vastissimo
1824 2685 2049 2730 dominio

137 2769 423 2832 linguarum
466 2772 789 2819 orientalium
831 2781 1074 2820 extensae
1123 2773 1447 2831 eruditionis,
1503 2772 1649 2835 cujus
1696 2790 1817 2819 sane
1859 2773 2046 2819 multos

137 2867 186 2905 et
213 2876 390 2921 graves
431 2877 624 2907 errores
654 2870 798 2908 aetas
827 2871 999 2909 nostra
1029 2863 1220 2910 detexit
1249 2872 1297 2910 et
1326 2863 1391 2910 ad
1428 2862 1841 2909 emendationem
1871 2879 2045 2908 eorum

138 2949 363 2994 studiose
392 2949 620 2995 animum
649 2951 885 3009 instituit,
929 2952 1017 2998 sed
1059 2951 1204 3014 cujus
1231 2969 1347 2998 vere
1376 2950 1654 3013 conspicua
1694 2950 1875 2996 merita
1902 2957 2046 3012 grata

137 3038 362 3084 nondum
404 3040 649 3085 memoria
690 3040 1022 3101 praedicavit,
1071 3058 1187 3087 cum
1229 3041 1453 3087 editione
1506 3040 1738 3103 glossarii
1791 3038 2044 3086 cumanici

139 3132 329 3172 statum
371 3128 711 3188 quarumdam
752 3130 1114 3190 quaestionum
1155 3130 1512 3177 historicarum
1543 3138 1594 3176 et
1621 3129 2043 3191 philologicarum

139 3215 355 3260 multum
385 3217 653 3276 promovit.
679 3217 768 3263 Vir
797 3235 1028 3264 summae
1057 3219 1356 3265 eruditionis
1381 3218 1736 3265 GuiLLELMus
1765 3218 2044 3264 SCHOTTUS
