2187 3652
1059 117 1221 144 LXXXIV

183 247 337 291 quam
379 231 862 276 transmutationem
907 231 1099 277 formae
1141 231 1469 276 doctissimus
1526 232 1818 278 HUNFALVY
1859 233 2094 295 apposite

182 335 296 363 cum
338 318 511 363 formis
552 336 577 364 e
619 318 1050 380 respondentibus
1091 318 1383 379 hungaricis
1423 336 1518 380 ope
1561 319 1726 366 suffixi
1767 320 1813 365 2'0
1852 321 2095 367 derivatis

179 405 470 466 hadzt-ngl'o
511 414 560 451 et
588 406 839 469 jou-lmgio
879 406 1197 468 comparavit
1257 406 1551 468 (hungarice
1592 407 1833 470 lzcm'nagy,
1874 409 2093 472 skfflgy).

185 495 373 539 Forma
413 494 633 540 nominis
660 496 811 558 JAsso
848 495 1117 540 nonnullos
1145 494 1278 540 viros
1307 495 1502 552 doctos,
1534 495 1764 557 inprimis
1795 498 2094 544 RANZANUM

182 582 448 627 italianum
491 583 537 628 in
582 583 714 628 hunc
757 600 978 628 errorem
1021 583 1235 640 induxit,
1279 591 1331 628 ut
1370 584 1614 647 Jassones
1654 601 1744 646 pro
1779 585 2093 632 descenden-

181 670 316 715 tibus
370 670 698 732 antiquorum
750 671 999 734 Jazygum
1056 672 1466 717 Metanastarum
1527 672 1798 729 haberent,
1852 674 2095 737 Jassones

180 759 314 803 enim
356 759 666 819 posteriores
706 776 793 804 eas
822 766 984 804 terras
1025 759 1332 815 incolebant,
1377 777 1505 821 quas
1545 761 1665 805 olim
1693 762 1911 824 Jazyges
1942 779 2092 808 occu-

183 855 330 908 patas
389 847 649 893 tenebant.
707 847 887 893 Scriba
940 847 1150 908 quidam
1208 847 1533 909 germanicus
1586 848 1717 909 regis
1772 849 2094 896 S1G1SMUND1

182 936 466 981 clarissimo
511 937 803 981 HUNFALVY
843 936 1062 982 docente
1102 953 1280 981 vocem
1297 935 1440 997 jaic'b',
1469 935 1741 998 ijdss,ja'sz
1776 937 2095 998 sagittarium

184 1023 468 1085 significare
510 1025 831 1085 comperiens
867 1025 915 1070 in
945 1024 1253 1087 quibusdam
1284 1024 1653 1085 diplomatibus
1676 1025 1788 1071 loco
1815 1027 2091 1090 Jassonum

187 1113 496 1158 philistaeos
537 1113 756 1174 scripsit,
799 1113 1091 1175 germanice
1139 1113 1274 1159 enim
1328 1113 1542 1176 sagitta:
1589 1113 1723 1175 psci!
1759 1115 1829 1175 (in
1883 1116 2096 1178 antiqua

184 1201 352 1263 lingua
406 1202 699 1261 germanica
747 1202 883 1264 phil)
950 1210 1114 1257 sonat,
1169 1219 1322 1264 quam
1378 1202 1543 1263 ipsam
1600 1220 1775 1249 vocem
1830 1204 1986 1250 etiam
2045 1204 2095 1250 in

185 1291 389 1336 nomine
430 1291 617 1337 biblico
661 1291 1057 1337 philistaeorum
1100 1291 1267 1337 inesse
1309 1291 1550 1352 opinatus
1585 1300 1677 1338 est.
1714 1291 1885 1354 Hujus
1914 1293 2096 1339 erroris

184 1379 473 1425 ulterisnem
512 1381 776 1442 sequelam
821 1381 869 1426 in
898 1380 1109 1442 antiqua
1137 1380 1369 1426 versione
1400 1381 1677 1442 hungarica
1710 1381 1896 1428 veteris
1936 1390 2091 1428 testa-

187 1468 344 1513 menti
377 1469 740 1530 conspicimus,
773 1470 856 1516 ubi
882 1469 1148 1515 l'llz'lz'slacz'
1182 1470 1458 1532 hungarice
1508 1469 1694 1516 diserte
1723 1469 1905 1529 Ja'szok
1934 1472 2095 1517 nomi-

186 1565 384 1603 nantur.
407 1559 654 1622 Jazygum
676 1559 971 1605 Moldaviae
990 1559 1375 1605 cumanicorum
1401 1559 1648 1605 memoria
1666 1559 1714 1605 in
1739 1560 1944 1606 nomine
1963 1560 2096 1622 prin-

185 1646 363 1707 cipalis
391 1646 527 1692 urbis
553 1646 701 1709 hujus
726 1655 889 1694 terrae
906 1647 1086 1707 Jasssz',
1114 1647 1389 1711 hungarice
1408 1646 1674 1706 ch'slz'vdros
1696 1655 1745 1693 et
1767 1647 1918 1694 hodie
1941 1648 2094 1710 Viget.

328 1736 530 1781 Nomen
575 1737 812 1783 PiiLovcz
854 1738 1072 1784 candem
1113 1745 1319 1799 gentem
1362 1735 1664 1799 significare,
1708 1754 1863 1799 quam
1905 1738 2094 1784 Cuma-

185 1841 363 1869 norum
406 1841 608 1881 nomen,
652 1825 774 1870 nihil
817 1833 894 1872 est
935 1826 1093 1872 dubii.
1139 1826 1339 1872 Eadem
1382 1825 1516 1871 enim
1558 1824 1711 1882 facta,
1755 1842 1886 1888 quae
1939 1826 2093 1888 scrip-

185 1922 320 1957 tores
360 1913 538 1959 russici
581 1921 629 1959 et
690 1914 911 1975 polonici
965 1914 1027 1960 de
1080 1913 1380 1970 Polowczis,
1436 1913 1697 1975 byzantini
1751 1921 1801 1960 et
1855 1915 2096 1962 chronica

186 2000 462 2059 hungarica
504 2002 566 2048 de
626 2002 875 2048 Cumanis
924 2003 1164 2050 referunt.
1224 2004 1280 2049 In
1336 2002 1605 2065 Hungaria
1659 2002 1811 2049 ambo
1868 2003 2092 2061 nomina,

186 2089 379 2136 scilicet
420 2091 592 2136 l'alo'cs
632 2099 680 2136 et
704 2090 822 2136 lx⁷7ln
864 2092 1013 2138 simul
1054 2100 1321 2153 apparent,
1365 2108 1497 2154 quae
1526 2091 1714 2153 duplex
1743 2091 2096 2138 denominatio

184 2178 331 2223 unius
395 2187 445 2225 et
503 2179 732 2241 ejusdem
791 2181 974 2243 gentis,
1036 2181 1108 2227 uti
1171 2183 1465 2227 HUNFALVY
1530 2181 1722 2242 optime
1786 2180 2092 2238 observavit,

184 2267 534 2314 Cumanorum
577 2286 666 2330 per
706 2269 860 2316 duam
902 2270 1156 2316 diversam
1199 2270 1457 2332 regionem
1507 2269 1811 2332 diversoque
1863 2278 2094 2331 tempore

182 2357 465 2413 ingressum
507 2357 556 2403 in
601 2358 920 2421 Hungariam
962 2358 1298 2405 demonstrat.
1346 2359 1612 2419 Ingressus
1643 2360 1977 2405 Paloczorum
2006 2376 2096 2421 per

185 2446 423 2492 Russiam
473 2454 522 2492 et
576 2446 861 2504 Poloniam,
924 2448 1118 2494 scilicet
1171 2465 1260 2510 per
1319 2449 1572 2510 Carpatos
1627 2448 2090 2509 septemtrionales,

184 2535 464 2581 secundum
496 2553 699 2582 omnem
731 2536 1150 2597 probabilitatem
1192 2538 1285 2583 sub
1326 2545 1531 2599 tempus
1561 2538 1842 2583 COLOMANI
1886 2537 2091 2599 incepit,

182 2625 267 2686 qui
309 2641 442 2670 anno
489 2640 619 2685 1104
661 2624 817 2671 filiam
860 2626 1106 2688 principis
1149 2627 1436 2673 Kiewensis
1478 2627 1793 2674 SVATOPLUK
1833 2627 1882 2673 in
1918 2627 2092 2673 matri-

182 2714 407 2759 monium
450 2713 607 2770 duxit,
663 2731 723 2760 ex
780 2732 881 2777 quo
922 2716 1250 2762 matrimonio
1291 2716 1422 2762 inter
1466 2716 1786 2778 Hungariam
1828 2724 1877 2761 et
1906 2715 2091 2777 princi-

183 2810 358 2863 patum
406 2803 727 2849 Kiewensem
770 2803 1009 2866 frequens
1050 2812 1099 2850 et
1139 2805 1336 2851 varium
1378 2821 1545 2850 rerum
1588 2804 1910 2866 publicarum
1953 2821 2091 2850 com-

182 2891 427 2936 mercium
471 2899 637 2937 ortum
679 2897 798 2938 est.¹

326 2980 487 3024 Parva
543 2981 799 3041 quaedam
853 2998 969 3043 pars
1025 2982 1393 3040 Cumanorum,
1448 3000 1579 3044 quae
1632 3000 1659 3028 a
1719 2982 1976 3043 Mongolis
2026 2981 2090 3028 ad

181 3068 454 3128 imperium
496 3068 826 3129 byzantinum
869 3070 1066 3129 refugit,
1118 3071 1165 3117 in
1219 3071 1518 3117 cohortibus
1571 3071 1887 3117 diversarum
1928 3071 2088 3133 regio-

183 3173 301 3201 num
344 3157 576 3217 dispersa
606 3159 795 3204 sensim
825 3159 1118 3221 sensimque
1156 3160 1379 3217 evanuit,
1423 3160 1485 3206 de
1515 3177 1616 3221 qua
1644 3177 1695 3206 re
1738 3161 2089 3206 NICEPHORUS

330 3281 339 3296 ¹
366 3277 411 3311 V.
440 3278 493 3311 cl.
524 3278 767 3313 IIL'NFALVY
797 3280 1125 3325 «Magyarorszag
1153 3281 1519 3326 Ethnographiaja».
1549 3281 1642 3326 Pag.
1669 3281 1748 3325 363.
