2187 3652
922 123 1054 149 LXXIX

39 236 191 282 habet
251 236 514 281 Albericus
568 236 857 281 Monachus
910 237 1059 281 trium
1113 236 1358 281 fontium:
1414 236 1816 299 Arclcl'cssirswpns
1868 239 1938 282 in-

36 325 160 385 quit,
222 324 505 369 ROBERTUS
559 323 912 384 ,S'lrzjgronsensis
968 324 1025 369 de
1082 324 1366 386 l‘lmqgaria,
1426 341 1599 370 novum
1623 325 1749 386 secl]
1798 326 1939 388 Epis-

34 419 198 474 copum
256 412 308 457 in
377 411 614 456 Comama
679 411 1079 458 THEoDORICUM
1139 412 1331 457 nomine
1390 413 1483 472 (ad
1537 430 1616 459 an.
1687 416 1833 461 1228.
1890 431 1937 475 p.

37 501 171 562 527).
213 501 328 561 Quo
370 499 440 556 fit,
472 508 526 545 ut
567 500 688 545 mihi
737 500 873 545 nullo
929 500 1131 559 negotio
1184 500 1518 561 persvadeam
1564 502 1936 563 Episcopatum

36 589 412 644 Cumanorum,
468 605 497 634 a
551 588 778 634 Roberto
820 589 1157 649 Strigoniensi
1211 596 1456 645 erectum,
1510 589 1595 650 qui
1651 598 1768 635 ante
1823 598 1940 635 octo

34 693 194 722 annos
235 677 420 723 Gentis
461 676 760 738 principem,
804 676 925 722 dum
966 676 1346 738 Vesprimensis
1388 677 1683 739 Episcopus
1714 686 1837 734 erat,
1881 696 1938 723 ac

34 765 402 827 profectionem
446 765 494 811 in
536 772 722 811 terram
765 765 1012 811 Sanctam
1055 764 1332 821 moliretur,
1357 782 1472 810 cum
1497 765 1789 827 quindecim
1831 767 1938 812 mil-

34 854 163 900 libus
216 871 360 900 sacro
413 854 550 900 fonte
609 853 855 899 abluerat.
918 853 1179 913 Quamdiu
1221 860 1393 899 autem
1453 853 1533 899 1116
1595 854 1941 916 Episcopatus

34 943 304 999 duraverit,
348 942 563 987 arduum
606 949 682 988 est
723 942 1014 987 decernere.
1058 941 1136 987 Ab
1178 941 1507 988 Theodorico
1563 942 1746 988 iterum
1789 944 1939 1004 Epis-

34 1048 193 1092 copus
235 1031 602 1086 Cumanorum,
645 1029 734 1075 sed
775 1046 1059 1091 anonymus
1101 1037 1365 1090 comparet
1406 1030 1452 1075 in
1495 1031 1676 1076 litteris
1708 1031 1939 1092 Gregorii

36 1119 125 1164 IX.
169 1118 232 1164 ad
278 1118 456 1164 Belam
502 1118 583 1164 IV.
624 1134 758 1163 anno
806 1118 1178 1164 MCCXXXV.
1239 1118 1451 1164 Perusio
1507 1120 1627 1165 VII.
1681 1119 1941 1165 Calendas

34 1207 338 1253 Decembris
378 1207 513 1252 datis
560 1207 637 1267 (ex
677 1214 855 1267 regest.
899 1206 1133 1267 Gregorii
1190 1207 1279 1252 IX.
1326 1207 1478 1269 Epist
1529 1209 1699 1269 282.);
1755 1209 1940 1269 quibus

33 1296 160 1355 Regi
202 1296 426 1352 nunciat,
470 1313 522 1341 se
563 1312 623 1340 ex
662 1294 843 1355 insigni
885 1294 1114 1340 laborum
1144 1294 1324 1351 fructu,
1357 1313 1509 1357 quem
1541 1297 1722 1342 Frater
1752 1297 1940 1342 Paulus

34 1385 325 1446 Hungarus,
368 1393 418 1430 et
462 1383 791 1445 Hyacinthus
821 1383 1186 1440 Odrovansius,
1223 1391 1435 1445 uterque
1464 1401 1524 1429 ex
1553 1385 1729 1431 Sancti
1761 1386 1937 1430 Domi-

30 1472 128 1518 nici
172 1472 362 1518 familia
403 1473 540 1534 apud
583 1472 848 1518 Cumanos
888 1471 1146 1528 fecissent,
1191 1480 1476 1533 permotum
1525 1490 1653 1529 esse,
1710 1481 1762 1519 ut
1801 1475 1937 1535 genti

31 1561 351 1622 Episcopum
394 1560 557 1617 daret,
602 1577 779 1622 rogare
821 1578 873 1606 se
916 1561 1088 1622 itaque
1133 1561 1343 1620 Regem,
1376 1568 1429 1606 ut
1460 1561 1724 1623 Episcopo
1756 1563 1936 1607 Eccle—

35 1649 162 1695 siam
204 1648 568 1695 Cathedralem
611 1649 732 1710 erigi
775 1656 992 1705 curaret,
1036 1648 1343 1710 dotaretque
1396 1648 1580 1706 fundis,
1639 1668 1698 1696 ex
1751 1651 1938 1712 quibus

28 1737 333 1798 dignitatem
375 1754 490 1783 cum
545 1737 736 1783 honore,
789 1744 1031 1783 tueretur.
1088 1737 1203 1797 Qua
1256 1737 1305 1782 in
1363 1754 1413 1782 re
1467 1755 1529 1783 an
1585 1739 1693 1784 Rex
1745 1756 1935 1785 morem

30 1824 264 1871 Pontifici
305 1826 536 1883 gesserit,
580 1842 680 1871 non
721 1833 940 1881 constat,
984 1825 1219 1887 quamvis
1247 1826 1559 1872 contrarium
1607 1827 1767 1888 magis
1809 1829 1935 1874 veri-

28 1913 193 1959 simile
222 1921 493 1975 appareat,
537 1931 652 1960 cum
682 1914 745 1960 ad
787 1931 975 1959 annum
1020 1914 1425 1960 MCCLXXHI.
1468 1914 1710 1961 THOMAM
1748 1916 1934 1962 Cuma-

28 2018 205 2048 norum
262 2002 581 2063 Episcopum
630 2002 679 2048 in
736 2002 1005 2063 Hungaria
1057 2002 1221 2063 egisse
1274 2003 1589 2064 comperiam
1644 2021 1702 2049 ex
1756 2004 1937 2050 litteris

32 2090 220 2151 quibus
262 2090 504 2152 Capitulo
547 2091 887 2151 Strigoniensi
929 2090 1198 2150 significat,
1242 2108 1294 2136 se
1335 2090 1467 2137 inter
1506 2091 1659 2138 Cives
1689 2092 1935 2154 Strigoni-

27 2195 190 2235 enses,
242 2187 290 2224 et
345 2178 575 2240 ejusdem
629 2179 867 2225 Civitatis
920 2178 1380 2241 Archiepiscopum
1433 2197 1613 2241 pacem
1669 2197 1728 2226 ex
1782 2181 1935 2239 Regis

26 2267 271 2312 mandato
312 2266 615 2313 confecisse.
666 2268 1001 2328 (Litterarum
1031 2266 1126 2312 hoc
1169 2267 1367 2313 initium
1410 2276 1514 2314 est:
1547 2269 1845 2314 lxv-verendis
1884 2270 1934 2314 in

32 2353 227 2399 Christo
241 2355 488 2411 Patribus,
507 2360 552 2400 et
566 2355 798 2400 Dominis
822 2354 1047 2417 Capituli
1069 2355 1425 2417 Slt'zgonieusis
1442 2355 1564 2402 THo
1572 2373 1605 2402 M
1613 2373 1669 2403 As
1693 2357 1932 2402 Canama-

26 2459 135 2487 rccm
174 2442 379 2489 humilis
404 2442 644 2488 lllim'ster
661 2444 761 2505 &c)
796 2443 994 2490 Abhinc
1020 2444 1225 2489 tametsi
1246 2461 1335 2505 per
1356 2444 1622 2491 intervalla
1640 2445 1846 2491 crebrae
1885 2447 1931 2491 in

30 2531 347 2577 Moldaviam
389 2531 732 2593 profectiones
768 2549 796 2577 a
835 2531 955 2577 viris
995 2532 1153 2578 sacris
1194 2541 1466 2594 susceptae
1495 2533 1751 2594 religionis
1780 2551 1930 2579 causa

26 2618 226 2675 fuerint,
281 2627 453 2665 tamen
507 2620 699 2665 nullum
753 2620 838 2681 qui
892 2621 1157 2666 statariam
1211 2637 1420 2682 operam
1473 2620 1624 2667 isthic
1677 2630 1930 2678 navasset,

28 2707 345 2769 Episcopum
388 2708 604 2754 invenio.
649 2708 728 2753 Ex
768 2708 952 2769 quibus
1007 2707 1240 2770 conjicio,
1295 2716 1345 2754 et
1399 2709 1690 2770 Episcopos
1742 2710 1930 2755 Cuma-

27 2811 209 2840 norum
251 2803 306 2841 ut
346 2796 619 2857 plurimum
663 2796 1015 2857 Regionarios,
1047 2803 1096 2842 et
1127 2796 1502 2858 Episcopatum
1527 2797 1659 2843 hunc
1689 2815 1718 2843 a
1750 2797 1930 2843 Milko-

24 2882 183 2928 viensi
243 2884 449 2929 omnino
504 2884 804 2930 distinctum
865 2883 1110 2929 fuisse.»¹
1170 2884 1333 2931 Simul
1392 2901 1509 2930 cum
1569 2885 1817 2931 Cumanis
1881 2894 1930 2931 et

28 2970 216 3016 multos
237 2971 481 3017 Bissenos
498 2971 651 3017 fidem
670 2971 1003 3017 christianam
1033 2973 1299 3034 amplexos
1328 2990 1439 3019 esse
1470 2973 1677 3018 minime
1707 2973 1927 3019 dubitari

26 3066 211 3119 potest,
258 3060 457 3105 Bisseni
500 3060 633 3106 enim
675 3077 703 3105 a
744 3059 992 3105 Cumanis
1033 3060 1220 3106 devicti
1281 3061 1577 3122 sensimque
1624 3078 1738 3106 cum
1781 3061 1840 3107 iis
1882 3062 1929 3106 in

171 3259 179 3273 ¹
206 3255 404 3299 Specimen
436 3256 632 3291 Hierarch.
663 3257 791 3301 Hung.
820 3257 914 3300 l’ag.
941 3267 1022 3301 415,
1051 3265 1129 3302 417.
