2187 3652
980 120 1116 147 (fxxul

96 234 167 279 uti
208 234 445 291 vidimus,
488 235 788 295 saepissime
830 251 917 295 pro
956 252 978 278 s
1018 235 1263 296 scriptum
1301 242 1393 291 est,
1423 251 1578 296 quam
1608 234 1993 282 denotationem

96 339 225 367 unus
265 329 623 367 annotatorum
666 325 1072 383 germanicorum
1117 323 1251 368 haud
1295 323 1364 368 ita
1418 339 1530 368 raro
1582 341 1693 369 cum
1747 341 1769 368 s
1822 342 1994 385 supra-

95 411 285 471 scripto
329 410 622 456 emendavit
661 427 708 470 4.
749 429 797 455 ss
834 413 911 458 vel
951 429 973 456 s
1013 411 1267 457 interdum
1311 412 1423 456 loco
1461 427 1498 455 ⁷1·
1536 412 1630 472 legi
1673 420 1840 473 potest
1884 426 1927 472 5.
1975 431 2002 457 ν

94 499 207 543 loco
245 498 268 543 l
303 515 455 560 saepe
497 500 734 556 occurrit,
776 517 819 545 e.
861 516 906 561 g.
955 500 1304 559 «flagellum»,
1347 529 1413 532 .-
1459 500 1887 547 «indecrinabile»
1947 505 1991 548 6.

92 586 123 631 lt
164 587 419 633 interdum
462 588 708 633 omissum
738 596 831 644 est,
863 589 961 634 alia
990 589 1100 634 vice
1131 596 1251 634 tunc
1282 605 1486 650 quoque
1515 588 1804 645 adhibetur,
1836 607 1995 652 quum

93 675 325 721 adhiberi
366 693 464 721 non
506 675 732 732 deberet,
776 694 818 722 e.
856 694 901 737 g.
950 677 1228 733 «11011010»,
1258 705 1322 709 -—
1370 676 1622 723 «11011010»
1670 692 1714 738 7.
1757 695 1780 722 e
1819 678 1931 724 1000
1971 696 1995 723 0

92 764 336 825 scriptum
378 766 644 826 reperitur,
687 783 729 811 e.
771 783 817 828 g.
866 766 1140 812 «retunde»
1188 768 1233 812 8.
1275 782 1299 811 0
1339 766 1450 811 loco
1500 783 1532 811 u
1585 767 1633 812 in
1686 766 1991 828 quibusdam

89 853 270 911 glossis
298 854 395 915 legi
425 861 610 914 potest,
642 872 684 900 e.
716 871 763 915 p.
799 854 1035 911 «fondo»,
1059 883 1126 887 ——
1153 854 1623 911 «fondamentum»,
1645 854 1706 900 cf.
1737 862 1987 901 «autono»

90 941 139 986 in
178 942 509 989 vocabulario
550 942 724 988 italico
764 943 1042 989 Viennensi
1085 943 1255 989 Seculi
1297 959 1375 999 xv,
1417 943 1480 989 de
1520 960 1622 1005 quo
1663 943 1799 989 doct.
1845 944 1990 989 Mus-

91 1046 231 1076 sAFIA
272 1031 302 1076 1.
346 1048 389 1078 c.
432 1031 687 1093 quaedam
729 1031 969 1077 disseruit
1010 1047 1056 1090 9.
1099 1048 1129 1076 η
1171 1031 1425 1077 interdum
1467 1032 1646 1077 elisum
1695 1039 1788 1089 est,
1841 1049 1883 1078 e.
1944 1048 1989 1089 g.

94 1119 494 1165 «demostratio»
572 1135 646 1166 Io.
715 1120 847 1166 inter
897 1136 1149 1166 consonas
1213 1137 1295 1165 mn
1350 1120 1603 1166 interdum
1653 1126 1692 1181 p
1743 1120 1989 1166 insertum

88 1214 318 1269 apparet,
361 1225 404 1254 e.
442 1224 487 1270 g.
536 1209 832 1269 «sompnio»
879 1224 992 1270 pag.
1037 1222 1118 1269 50,
1159 1237 1227 1241 ——
1272 1209 1629 1269 «columpna»,
1672 1208 1732 1254 cf.
1775 1209 1989 1255 formam

88 1296 373 1357 imperativi
420 1297 683 1343 «combia»
731 1298 779 1343 in
820 1297 1149 1343 vocabulario
1189 1297 1363 1343 italico
1404 1313 1440 1343 r.
1483 1297 1833 1343 bibliothecae
1877 1298 1988 1343 Mo-

86 1385 322 1431 nacensis
362 1402 573 1431 numero
609 1388 706 1444 362
751 1386 966 1446 signato.
1011 1387 1201 1432 Forma
1246 1385 1566 1432 «combiato»
1611 1386 1765 1432 etiam
1804 1387 1852 1432 in
1882 1387 1987 1432 dia-

87 1473 220 1519 lecto
276 1473 568 1520 Toscanica
621 1480 919 1536 usurpatur1
965 1490 1040 1532 11,
1090 1492 1316 1521 consona
1358 1493 1388 1520 π
1428 1475 1684 1521 interdum
1727 1477 1989 1537 sequentis

85 1579 339 1609 consonae
379 1562 668 1609 fulciendae
709 1580 865 1609 causa
906 1564 1097 1610 inserta
1139 1572 1370 1625 apparet,
1402 1581 1445 1610 e.
1475 1580 1521 1624 g.
1559 1563 1897 1625 «denpingo»‚
1922 1594 1988 1597 —-

90 1651 363 1713 «infingo»,
410 1651 661 1708 «infinsi»,
705 1652 805 1698 alia
844 1653 954 1698 vice
1008 1653 1133 1698 haec
1189 1653 1370 1699 eadem
1424 1669 1648 1698 consona
1701 1652 1984 1713 reduplica-

83 1740 274 1786 tionem
317 1740 535 1801 supplet,
577 1757 619 1786 e.
662 1757 707 1802 g.
755 1740 995 1798 «rendo»,
1043 1740 1324 1798 «rendidi,»
1375 1741 1613 1787 «rende».
1660 1741 1715 1785 In
1745 1740 1984 1787 dialectis

83 1828 268 1874 italicis
308 1829 813 1889 septemtrionalibus
854 1846 884 1874 n
925 1831 1199 1890 praecipue
1240 1830 1472 1891 sequenti
1514 1846 1740 1875 consona
1778 1846 1804 1873 5
1852 1830 1982 1875 inse-

84 1917 224 1973 ritur,
255 1934 297 1962 e.
328 1933 373 1978 g.
410 1918 693 1963 «minzuol»
745 1933 821 1965 12.
865 1918 913 1963 in
954 1935 1062 1963 voc.
1100 1918 1533 1963 «monimentum»
1568 1917 1588 1962 ι’
1623 1918 1735 1962 loco
1765 1934 1794 1961 π
1826 1918 1983 1978 scrip-

83 2012 190 2051 tum
231 2013 308 2051 est
353 2021 429 2064 13.
470 2023 496 2051 3
536 2007 649 2052 1000
688 2023 722 2062 e,
767 2024 808 2052 e.
851 2024 895 2067 g.
941 2022 1053 2067 pag.
1100 2020 1160 2067 55
1209 2014 1409 2052 «torze»
1456 2023 1545 2067 pro
1591 2013 1813 2062 «tome»,
1846 2007 1982 2068 quod

82 2092 272 2139 formae
313 2094 433 2154 imp.
478 2094 666 2141 latinae
711 2102 953 2156 «torque»
999 2094 1274 2155 respondet
1322 2110 1396 2154 14.
1440 2095 1594 2140 etiam
1650 2095 1697 2139 in
1752 2094 1846 2139 hoc
1900 2112 1981 2139 00-

82 2182 195 2228 dice
246 2199 308 2243 qu
367 2183 666 2243 saepissime
714 2199 802 2243 per
851 2200 873 2228 c
927 2183 1286 2239 denotabatur,
1356 2200 1398 2228 e.
1449 2199 1493 2241 g.
1550 2182 1851 2239 «condam»,
1916 2212 1983 2215 —-

86 2271 463 2317 «cotidianum»
517 2286 591 2333 15.
635 2290 702 2328 ae,
759 2290 810 2317 oe
862 2289 950 2333 per
1003 2290 1025 2316 e
1065 2272 1353 2329 denotatur,
1409 2288 1451 2317 e.
1494 2287 1538 2332 g.
1599 2272 1845 2317 «cellum»
1892 2288 1981 2332 pro

86 2359 366 2417 «caelum»,
410 2389 476 2392 —
520 2360 679 2406 «fetz»
725 2377 814 2422 pro
859 2360 1075 2406 «foetet»
1128 2362 1258 2422 (pag.
1303 2360 1408 2421 61).
1450 2359 1811 2420 ——.Quaedam
1842 2360 1979 2406 verbi

81 2447 272 2494 formae
324 2465 384 2494 ex
429 2448 555 2494 falsa
609 2449 842 2511 analogia
894 2457 1034 2495 ortae
1086 2456 1218 2505 sunt,
1274 2465 1315 2495 e.
1367 2464 1412 2509 g.
1473 2447 1861 2503 «momordidi»,
1916 2475 1970 2481 ἡ

85 2535 404 2592 «acendidi»,
457 2565 520 2569 —
567 2537 914 2594 «ascendidi»‚
956 2566 1022 2570 -—
1067 2536 1315 2593 «ardidi»,
1360 2565 1425 2569 —
1479 2536 1866 2594 «abscondidi»,
1921 2566 1987 2570 --

84 2624 463 2681 «deseendidi»,
487 2656 551 2659 v·
578 2625 931 2686 «espendidi»,
957 2656 1022 2659 —
1051 2625 1333 2671 «estendidi
1351 2645 1387 2681 »,
1414 2652 1478 2658 -—
1507 2614 1786 2680 1·3(11(11,’μᾷ
1821 2624 1987 2670 «ofen-

80 2713 236 2768 didi»,
269 2730 398 2774 quae
442 2713 630 2759 formae
660 2731 836 2759 omnes
878 2714 1149 2759 manifesto
1190 2714 1251 2759 ad
1290 2713 1574 2770 analogiam
1611 2713 1788 2758 «dedi»
1824 2712 1989 2759 factae

81 2809 212 2846 sunt.
262 2800 549 2846 Perfectum
598 2802 894 2847 «adiuvavi»
940 2802 1001 2847 ad
1045 2802 1332 2863 analogiam
1379 2801 1607 2846 «amavi»
1655 2800 1985 2862 conjugatum

79 2897 172 2935 est.
218 2890 274 2935 In
315 2890 488 2936 formis
528 2892 665 2937 verbi
708 2909 822 2937 cum
866 2891 1333 2952 praepositionibus
1374 2890 1660 2951 conjunctis
1702 2890 1849 2935 unius
1905 2891 1980 2935 lit-

80 2986 217 3024 terae
240 2978 520 3039 duplicatio
544 2996 696 3040 saepe
718 2980 1053 3035 desideratur,
1080 2998 1121 3025 e.
1154 2996 1197 3037 g.
1229 2979 1506 3036 «30011110»,
1537 3007 1602 3012 ᾐ-
1637 2978 1894 3033 «adisco»,
1923 3006 1986 3009 —

85 3087 99 3107 «
115 3075 293 3127 aposto
308 3086 344 3112 ».

220 3267 231 3281 ¹
259 3262 301 3296 V.
329 3264 431 3307 apud
459 3264 714 3296 MussAFIAii
747 3264 766 3296 l.
798 3274 829 3297 c.
