2187 3652
964 115 1097 140 LXXXI

78 231 268 291 origine
314 230 585 275 Hunnicos
631 229 881 285 homines,
936 245 964 273 a
1017 227 1304 273 Siculorum
1359 227 1529 285 lingua
1578 234 1626 271 et
1680 225 1982 286 cognatione

74 318 178 380 jam
245 326 352 364 tum
418 317 745 364 defecisse.»¹
809 318 1071 363 Cumanos
1136 316 1389 378 posterius
1452 333 1480 361 a
1545 314 1642 360 fide
1708 313 1984 360 christiana

79 406 378 468 saepissime
443 404 691 452 defecisse
769 424 794 452 e
871 405 1127 452 nonnullis
1203 404 1385 450 litteris
1449 411 1499 449 et
1564 402 1715 448 bullis
1781 401 1983 463 pontifi-

78 511 193 540 cum
249 494 610 555 comperimus,
666 495 736 540 ita
786 512 846 540 ex
899 494 1081 540 litteris
1170 493 1447 538 BONusAcn
1506 491 1594 536 IX.
1650 498 1699 536 et
1752 490 1982 536 aliorum.

78 583 357 629 THUROCZI
418 582 465 628 in
524 582 777 629 chronicis
834 584 1197 643 Hungarorum
1250 581 1312 626 de
1362 597 1413 626 re
1474 581 1740 625 LADISLAO
1797 578 1985 625 diserte

80 671 234 718 dicit:
280 670 612 727 «Ctimaiiice,
656 678 706 717 et
747 688 846 717 non
875 670 1144 717 Catholice
1186 667 1636 715 conversabatur».
1662 696 1725 700 —-
1758 668 1985 729 Mongoli

80 761 226 806 BELA
268 760 350 806 IV.
391 759 439 805 in
485 759 752 820 Hungaria
792 767 1036 821 regnante
1077 757 1366 804 densissimi
1397 757 1708 803 locustarum
1740 756 1987 802 examinis

78 849 238 895 instar
291 848 544 910 superatis
598 847 813 910 Riphais
867 848 1125 893 montibus
1180 848 1549 903 Cumanorum,
1604 844 1881 891 Alanorum
1938 852 1986 891 et

81 939 363 984 Russorum
393 936 626 998 regiones
656 936 973 983 Moldaviam
1002 953 1178 982 versus
1207 935 1522 997 quotidianis
1550 934 1985 980 vexabantincur-

79 1026 322 1083 sionibus,
379 1025 616 1072 nimirum
669 1042 801 1071 anno
860 1038 989 1085 1235
1046 1025 1304 1085 regionem
1352 1024 1483 1070 inter
1529 1024 1745 1085 Volgam
1787 1031 1837 1069 et
1884 1023 1984 1068 Cu—

79 1132 235 1172 mam,
290 1114 353 1160 ab
394 1131 528 1160 anno
582 1128 711 1175 1237
762 1122 924 1160 terras
975 1114 1262 1176 principum
1318 1130 1575 1159 russorum
1628 1111 1984 1159 devastabant.

79 1205 428 1251 Cumanorum
471 1219 571 1248 una
610 1219 728 1263 pars
768 1220 793 1248 6
835 1202 1060 1249 Taurica
1100 1203 1164 1248 ad
1220 1203 1430 1259 Russos‚
1473 1203 1635 1248 altera
1674 1201 1738 1247 ad
1768 1201 1985 1262 impera-

81 1301 244 1339 torem
285 1291 618 1352 byzantinum
660 1291 858 1352 refugit,
915 1291 998 1337 alii
1040 1308 1158 1337 vero
1211 1308 1265 1337 se
1318 1291 1382 1336 ad
1436 1290 1617 1336 fratres
1672 1290 1986 1336 Moldaviam

91 1389 141 1428 et
181 1380 482 1428 Valachiam
526 1379 875 1426 inhabitantes
916 1387 1235 1440 receperunt.
1286 1379 1637 1425 Cumanorum
1694 1379 1989 1426 Moldaviae

82 1471 335 1532 princeps,
382 1471 614 1516 KUTHEN
658 1468 880 1525 nomine,
924 1468 1073 1513 simul
1115 1485 1231 1514 cum
1273 1468 1376 1514 suis
1418 1485 1446 1514 a
1474 1485 1591 1529 rege
1625 1470 1987 1529 Hungarorum

81 1560 130 1606 in
173 1559 495 1621 Hungariam
538 1566 774 1620 receptus
815 1558 963 1605 sedes
1004 1558 1047 1603 ei
1097 1566 1147 1604 et
1199 1558 1304 1603 suis
1359 1558 1647 1619 assignatas
1700 1558 1987 1619 occupavit,

82 1648 170 1695 sed
213 1649 434 1694 ROGERO
475 1647 694 1694 docente
735 1655 1013 1709 antequam
1056 1646 1206 1692 simul
1248 1664 1363 1692 cum
1404 1654 1554 1708 gente
1596 1663 1687 1692 sua
1728 1645 1777 1692 in
1806 1663 1988 1692 novam

80 1737 298 1799 patriam
340 1736 772 1798 transmigrasset,
815 1736 954 1781 solus
993 1736 1133 1781 venit
1173 1744 1227 1782 ut
1268 1736 1494 1797 linguam
1536 1736 1675 1799 regni
1716 1735 1986 1781 edisceret.

224 1827 406 1872 Frater
442 1827 702 1891 JULIANus
743 1825 806 1871 de
884 1826 1059 1871 ordine
1113 1825 1525 1887 praedicatorum
1579 1824 1883 1881 Baskiriam,
1942 1823 1989 1869 id

81 1924 156 1962 est
198 1916 449 1962 DENTIAM
492 1914 850 1961 chronicorum
891 1914 1311 1975 hungaricorum²
1370 1914 1540 1975 (quam
1590 1913 1849 1975 regionem
1893 1913 1986 1957 IBN

83 2005 258 2050 DASTA
315 2003 662 2066 «Mogrgarije»
720 2011 769 2050 et
823 2004 930 2066 ipse
981 2005 1241 2067 JULIANus
1299 2019 1567 2064 «magnam
1636 2002 1987 2063 Hungariam»

81 2093 398 2154 nominabat)
446 2109 721 2154 peragrans
749 2109 883 2138 anno
929 2107 1057 2153 1237
1106 2092 1168 2138 (le
1210 2109 1478 2153 progressu
1520 2091 1731 2137 dominii
1775 2092 1989 2151 Mongo-

81 2182 241 2227 lorum
285 2182 534 2243 comperit
575 2199 634 2227 ac
675 2181 833 2227 redux
874 2182 922 2226 in
964 2182 1182 2243 patriam
1224 2181 1420 2227 litteras
1449 2180 1594 2226 ducis
1624 2179 1897 2240 mongolici
1928 2179 1991 2224 ad

81 2287 252 2330 regem
308 2270 606 2331 Hungariae
660 2270 753 2316 sibi
810 2270 1112 2315 commissas
1164 2270 1280 2316 huic
1334 2269 1561 2315 tradidit.
1633 2269 1744 2314 Has
1797 2269 1993 2314 litteras

82 2360 303 2421 primum
354 2358 479 2404 liber
556 2359 678 2404 baro
747 2359 1458 2404 HORMAYR-HORTENHURG³
1516 2366 1566 2404 et
1618 2374 1732 2404 cum
1798 2357 1992 2418 aliquot

83 2447 229 2494 annis
269 2447 523 2509 posterius
561 2448 765 2511 JERNEY
805 2447 1101 2508 publicavit.
1147 2448 1286 2493 Ecce
1315 2455 1461 2493 tenor
1490 2447 1801 2493 litterarum:
1850 2446 1994 2504 «Ego

83 2537 249 2599 chayn
300 2537 516 2582 nuncius
570 2536 700 2597 regis
741 2536 916 2582 celesti
970 2536 1048 2581 cui
1103 2535 1247 2582 dedit
1288 2535 1574 2598 potentiam
1615 2552 1766 2597 super
1805 2543 1992 2581 terram

84 2625 394 2671 subicientes
449 2624 571 2670 mihi
625 2642 677 2671 se
731 2625 953 2670 exaltare
995 2632 1044 2670 et
1100 2624 1386 2686 deprimere
1427 2625 1776 2671 adversantes.
1837 2624 1995 2669 Miror

84 2713 146 2759 de
187 2721 235 2760 te
269 2715 632 2773 Hungarorum
674 2714 862 2775 regule,
918 2714 1072 2775 quod,
1116 2731 1233 2760 cum
1274 2714 1337 2760 ad
1381 2722 1427 2760 te
1469 2714 1693 2759 miserim
1735 2711 1994 2758 tricesima

83 2803 194 2849 vice
236 2803 446 2864 legatos,
490 2819 646 2864 quare
688 2802 751 2848 ad
794 2820 873 2848 me
916 2803 1109 2848 nullum
1152 2802 1412 2849 remittitis
1453 2820 1511 2848 ex
1540 2801 1752 2857 eisdem,
1785 2799 1873 2846 sed
1903 2817 1993 2845 nec

86 2891 289 2937 nuntios
331 2898 444 2937 tuos
486 2908 578 2937 nec
621 2892 793 2937 literas
834 2891 955 2936 mihi
999 2891 1174 2936 mittis.
1220 2892 1339 2937 Scio
1380 2891 1517 2952 quod
1559 2908 1643 2936 rex
1683 2907 1736 2936 es
1765 2890 1906 2935 dives
1946 2897 1993 2935 et

86 2988 283 3041 potens,
326 2988 374 3024 et
416 2981 603 3025 multos
644 2980 802 3025 habes
842 2979 935 3024 sub
976 2987 1023 3025 te
1066 2980 1253 3025 milites
1299 2979 1538 3040 solusque
1583 2979 1837 3039 gubernas
1890 2995 1993 3023 ma—

231 3088 239 3103 1
270 3084 513 3117 «Milkovia».
541 3084 726 3123 Viennae,
757 3083 1089 3116 MDCCLXXXI.
1119 3083 1223 3116 lom.
1259 3084 1281 3116 Ι.
1315 3083 1403 3125 l’ag.
1438 3093 1514 3125 115,
1550 3082 1624 3121 116,
1660 3090 1734 3125 117.

233 3147 245 3160 ⁷
273 3142 317 3175 V.
344 3143 389 3176 cl.
421 3143 550 3176 PAULI
582 3143 821 3175 HI‘NFAINY
853 3141 1180 3185 «Magyarorszag
1209 3140 1547 3185 Etnograpbiajan.
1580 3141 1670 3182 Pag.
1700 3142 1779 3182 285,
1811 3140 1887 3173 286.

228 3206 241 3227 3
270 3202 340 3233 Die
368 3202 531 3242 goldvnc
559 3201 726 3234 Chronik
754 3213 823 3233 von
857 3201 1230 3241 H‹ilienscliwangau
1260 3201 1326 3232 dm·
1348 3201 1447 3241 Burg
1474 3200 1540 3232 der
1560 3199 1723 3238 NVcll'vn,
1745 3200 1811 3232 der
1841 3200 1993 3231 Holn‘n-

92 3260 254 3292 stauffen
284 3261 359 3293 und
387 3261 453 3293 der
480 3261 704 3304 Scheyren».
734 3260 929 3300 Monachi,
965 3260 1061 3304 1842.
1092 3260 1195 3293 l’ars.
1226 3260 1274 3299 ll,
1306 3259 1398 3301 Pag.
1426 3258 1481 3292 68.
1509 3258 1563 3303 69.

229 3349 325 3367 (Obssx
345 3350 470 3368 (UMANH
481 3350 521 3367 US.
1787 3329 1816 3368 f
