2187 3652
1050 65 1132 94 VIII

139 181 195 226 de
247 180 295 225 lez
346 185 483 241 sayla
538 179 695 225 nostri
755 178 967 224 secundi
1026 177 1296 239 fragmenti
1348 178 1499 240 plane
1554 179 1726 224 stilum
1780 178 2039 240 poeticum

141 267 408 314 clarissimi
458 267 590 312 vatis
630 266 842 312 redolet.
897 266 997 310 Hic
1046 273 1220 310 tamen
1272 273 1478 322 annoto,
1533 265 1583 311 in
1636 266 1748 312 cod.
1803 267 2040 312 vaticano

142 363 436 402 constanter
473 359 626 399 saetla
667 371 949 410 occurrere,
994 353 1083 399 sed
1124 353 1220 398 hoc
1260 361 1510 414 quantum
1537 354 1701 411 video,
1733 353 1855 400 nihil
1883 354 2041 416 impe-

140 445 214 491 dit
255 444 527 506 quominus
557 444 874 489 PETRARCHA
915 443 963 488 in
1004 459 1094 487 suo
1134 441 1418 503 fragmento
1457 442 1671 489 formam
1701 441 2039 504 antiquiorem

140 532 362 578 scribere
417 532 684 593 potuisset,
742 531 931 577 scimus
972 530 1107 576 enim
1160 538 1340 591 poetas
1392 530 1527 576 omni
1581 538 1813 592 tempore
1866 539 2044 577 contra

140 628 417 682 praecepta
471 619 693 665 auctoris
749 618 998 681 epistolae
1055 617 1148 663 «de
1206 625 1314 664 arte
1374 618 1608 679 poetica»
1677 635 2043 681 nonnunquam

140 708 327 755 formas
368 708 627 754 obsoletas
666 706 980 753 adhibuisse.

284 795 460 841 Mirari
491 812 589 840 non
618 794 795 841 desino
824 793 1179 840 doctissimum
1209 793 1449 839 abbatem
1478 794 1760 858 JOSEPHUM
1784 795 2044 841 VALENTI-

140 901 311 941 NELLI,
343 883 428 945 qui
470 900 560 945 per
590 883 778 928 multos
811 898 972 928 annos
1002 882 1350 928 bibliothecae
1391 882 1455 928 ad
1484 882 1735 944 templum
1769 883 1834 928 D.
1868 885 2044 930 MARCI

141 973 371 1020 Venetiis
412 989 612 1018 summa
653 988 769 1018 cum
811 971 962 1018 laude
992 971 1268 1033 praesedit,
1302 978 1480 1017 contra
1508 971 1870 1017 auctoritatem
1907 972 2042 1018 FOR-

140 1077 334 1108 TUNATI
379 1060 526 1107 ULMI
569 1067 618 1106 et
648 1059 931 1116 ΤοΜΑ5ΙΝΙ,
964 1059 1049 1121 qui
1085 1059 1239 1105 ambo
1276 1076 1355 1105 res
1385 1059 1658 1105 litterarias
1689 1059 2046 1106 serenissimae

143 1149 455 1211 reipublicae
479 1149 709 1195 Venetae
738 1148 935 1210 optime
965 1155 1230 1203 noverunt,
1262 1147 1311 1193 in
1341 1147 1551 1193 dubium
1580 1164 1764 1193 vocare
1789 1148 2046 1194 collectio-

143 1255 256 1284 nem
300 1238 541 1283 librorum
583 1254 610 1282 a
653 1238 971 1283 PETRARCHA
1013 1236 1327 1298 reipublicae
1370 1236 1503 1282 dono
1532 1236 1761 1282 oblatam
1803 1236 2049 1283 Venetias

144 1343 368 1388 unquam
399 1327 709 1388 pervenisse.
728 1331 737 1345 ¹
766 1325 977 1387 Optime
1007 1326 1214 1381 scimus,
1247 1326 1523 1371 ΡΟοοΙΗΜ2
1551 1326 1613 1371 de
1642 1325 1782 1370 libris
1812 1325 2046 1371 PETRAR-

143 1431 278 1460 CHAE
319 1431 544 1460 asserere
586 1432 673 1461 eos
719 1422 866 1476 «post
921 1414 1030 1460 eius
1070 1421 1286 1460 mortem
1328 1414 1513 1475 partim
1544 1413 1834 1459 divenditos
1862 1413 2047 1474 partim

143 1503 371 1565 pluribus
412 1503 713 1549 distributos
754 1502 959 1560 fuisse»,
1005 1502 1093 1549 sed
1134 1503 1289 1548 etiam
1332 1502 1427 1548 hoc
1469 1510 1647 1548 notum
1688 1509 1765 1547 est
1813 1502 2046 1547 PETRAR-

143 1608 284 1637 cHAM
327 1599 442 1653 post
482 1608 672 1637 annum
719 1594 866 1650 1362,
910 1608 1067 1652 quum
1107 1591 1262 1637 libros
1302 1607 1420 1636 suos
1473 1590 1829 1636 serenissimae
1880 1589 2046 1651 reipu-

145 1680 307 1726 blicae
348 1679 658 1736 donavisset,
702 1696 863 1741 usque
899 1679 963 1725 ad
1001 1687 1216 1725 mortem
1245 1696 1318 1725 xii
1348 1696 1507 1725 annos
1536 1678 1736 1736 vixisse,
1768 1694 1868 1740 quo
1897 1678 2047 1740 longo

144 1777 373 1830 tempore
415 1768 753 1814 clarissimum
795 1777 965 1814 vatem
1008 1785 1153 1814 suam
1206 1768 1562 1814 collectionem
1617 1767 1943 1813 continuasse
1997 1774 2047 1812 et

143 1857 329 1902 talibus
364 1874 568 1918 quoque
610 1856 873 1903 codicibus
913 1857 1129 1913 auxisse,
1173 1873 1389 1918 quorum
1442 1855 1696 1901 anteriora
1736 1855 2047 1917 exemplaria

142 1945 348 1991 serenis.
404 1945 715 2006 reipublicae
769 1945 1064 2002 donaverat,
1132 1944 1376 1991 credibile
1425 1952 1517 1990 est.
1572 1944 1802 1990 Assertio
1857 1945 2045 1990 POGGII

141 2041 277 2079 certe
331 2033 394 2079 ad
453 2033 606 2079 libros
659 2050 687 2079 a
743 2034 1060 2080 PETRARCHA
1113 2034 1265 2095 paulo
1318 2041 1435 2079 ante
1490 2040 1706 2078 mortem
1766 2032 2046 2094 acquisitos

142 2129 360 2182 spectat,
391 2121 453 2168 de
483 2122 667 2183 quibus
696 2138 964 2183 possessor
991 2122 1159 2168 adhuc
1188 2139 1288 2168 non
1328 2121 1597 2183 disposuit.
1642 2121 1695 2168 Si
1729 2122 2046 2168 PETRARCHA

141 2227 273 2256 anno
334 2225 477 2271 1370,
521 2227 679 2272 quum
729 2218 1013 2257 extremum
1061 2210 1340 2257 voluntatis
1381 2210 1749 2256 documentum
1797 2209 2042 2266 exhibuit,

142 2299 485 2345 bibliothecae
551 2299 906 2345 serenissimae
960 2299 1275 2361 reipublicae
1334 2298 1556 2344 donatae
1609 2315 1765 2344 causa
1817 2298 2046 2360 inquieto

140 2387 316 2433 fuisset
371 2387 558 2443 anim0‚
613 2396 749 2433 certe
809 2388 1073 2434 indubiam
1127 2388 1221 2433 hac
1275 2387 1323 2433 in
1371 2404 1423 2433 re
1477 2386 1814 2448 expressisset
1869 2387 2044 2432 volun-

141 2483 318 2531 tatem,
375 2475 423 2520 in
483 2475 577 2521 hoc
618 2476 751 2521 enim
796 2476 1124 2532 documento,
1186 2475 1249 2521 de
1302 2475 1540 2521 omnibus
1592 2474 1759 2531 rebus,
1815 2491 1964 2536 quaer
1999 2475 2044 2521 ei

141 2571 261 2608 tunc
304 2580 455 2609 curae
497 2563 715 2620 fuerunt,
749 2564 937 2610 diserte
978 2563 1247 2625 disposuit.
1288 2565 1609 2609 LEIBNITJUS
1657 2563 2040 2624 (1646—1716)

140 2651 332 2712 optime
386 2652 539 2707 novit,
601 2652 830 2698 codicem
873 2652 1199 2698 cumanicum
1254 2653 1590 2697 PETRARCHAE
1631 2651 1679 2697 in
1732 2651 2044 2697 bibliotheca

142 2740 206 2785 D.
240 2741 415 2785 MARCI
459 2757 727 2801 superesse
769 2749 818 2787 et
859 2742 920 2787 de
962 2742 1057 2786 hac
1098 2758 1149 2787 re
1190 2741 1260 2786 ita
1301 2741 1527 2802 scripsit:
1563 2740 1712 2786 «Vidi
1753 2740 2043 2801 catalogum

142 2828 413 2873 Librorum
471 2830 838 2881 PETRAROEIAE,
897 2830 980 2875 ubi
1033 2830 1165 2875 inter
1216 2830 1342 2875 alios
1396 2829 1582 2874 Libros
1629 2827 2046 2890 conspiciebatur

141 2916 513 2961 Dictionarium
548 2917 775 2978 Lingvae
808 2918 1090 2973 Cumanae,
1135 2918 1221 2963 sed
1279 2917 1327 2962 in
1377 2918 1471 2963 hoc
1514 2917 1806 2978 indagando
1858 2915 2044 2961 frustra

283 3130 291 3144 ¹
322 3126 364 3158 V.
401 3126 637 3158 Hibliothcca
668 3126 927 3169 manuscripta
957 3126 1005 3158 ad
1035 3127 1069 3159 S.
1100 3126 1247 3159 MARCI
1276 3126 1534 3159 Venetiarum.
1564 3132 1864 3158 MDCCCLXVIII.

279 3200 291 3214 ²
320 3198 415 3239 opp.
444 3208 520 3228 rar.
550 3208 637 3240 pag.
668 3196 745 3240 276.
