2187 3652
1119 77 1187 121 388

198 215 293 259 Pag.
325 223 489 255 LXXVII,
520 217 584 250 lin.
615 226 656 261 27
684 228 750 261 pro
786 218 1113 252 Transsilvaniam

268 286 354 330 lege
371 298 377 319 :
408 286 733 320 Transilvaniam.

200 358 294 402 Pag.
324 365 512 398 LXXXIII,
542 358 607 391 lin.
633 370 644 391 1
669 369 736 402 pro
757 359 814 391 III
843 359 954 403 lege:
986 359 1053 399 IV,
1072 381 1113 384 —

266 429 330 461 lin.
367 439 403 462 12
433 439 499 472 pro
527 429 815 463 Transsilvania
843 430 952 474 lege:
995 430 1112 464 Tran-

266 499 442 540 silvania,
461 520 506 523 —
525 500 586 533 lin.
608 508 650 544 27
670 506 757 544 post
779 501 967 545 «passim»
990 502 1110 535 adde:

268 570 308 602 ln
338 570 542 614 Hungaria
581 571 697 605 etiam
738 572 893 605 nomina
921 572 1111 606 Cumano-

266 652 345 674 rum
388 641 552 681 OGGUZ,
595 641 728 683 OGL’Z,
771 642 874 683 (ΕΠΖ,
917 644 1034 677 GCZE
1076 649 1112 677 et

265 711 412 745 GIZEY
440 713 704 752 occurrebant,
726 725 884 757 quarum
906 715 1109 749 formarum

264 783 386 827 prima
409 783 492 827 jam
520 784 557 817 in
585 784 720 818 litteris
756 785 861 829 regis
898 785 1042 820 GEZAE
1074 788 1110 820 II

263 855 310 888 de
353 866 455 888 anno
503 866 587 899 1151
623 856 839 900 allegatur:
872 858 1110 902 «Heynricus

262 937 391 959 comes
419 926 574 959 curialis
602 926 908 970 dispensatorem
942 929 1109 963 Abbatis

263 996 414 1030 1101111110
443 997 593 1030 OGGL'Z
622 998 803 1031 accessiri
824 998 913 1032 fecit
939 1004 977 1032 et
1004 1000 1108 1033 11111111

262 1068 546 1107 comminando,
578 1074 616 1102 ut
644 1069 763 1102 iussui
804 1070 926 1114 Regis
955 1060 1107 1104 satisfa-

261 1144 376 1178 ceret,
405 1139 529 1172 misit»
560 1139 705 1184 (Codex
733 1140 888 1184 diplom.
917 1141 1107 1186 Arpadia-

260 1221 331 1243 nus
351 1210 610 1244 continuatus.
636 1212 792 1251 Pestini,
819 1213 920 1246 1800.
943 1213 1051 1247 Tom.
1076 1215 1106 1255 I,

259 1293 350 1325 pag.
381 1281 453 1326 61).
482 1282 619 1316 Forma
639 1283 758 1316 OGL'Z
779 1283 814 1316 in
843 1284 978 1318 litteris
1006 1286 1108 1331 regis

260 1351 479 1387 STEPHANI
507 1354 553 1387 V.
584 1354 631 1388 de
672 1366 773 1389 anno
821 1364 922 1401 1272,
964 1357 1025 1390 die
1066 1368 1103 1391 21

260 1424 391 1458 Martii
433 1425 608 1465 occurrit,
651 1426 726 1460 vid.
768 1427 892 1461 locum
933 1428 1005 1462 litt.
1049 1440 1106 1462 se-

258 1500 436 1539 quentem
455 1508 461 1528 :
488 1496 750 1531 «Contulimus
769 1498 891 1532 eciam
912 1500 1106 1543 quandam

258 1572 396 1600 terram
414 1568 610 1611 sepedicto
627 1570 860 1603 monasterio
872 1569 934 1612 (de
946 1570 1103 1617 chath),

259 1637 378 1671 OGUZ
420 1639 617 1672 uduornici
658 1640 776 1674 nostri
816 1641 851 1674 in
897 1642 1102 1687 Strigonio,

257 1721 372 1753 prope
401 1716 577 1744 sanctum
599 1710 832 1746 Michaelem
862 1712 1102 1755 existentem,

256 1792 342 1814 cum
371 1782 493 1815 uineis
521 1788 557 1816 et
595 1783 705 1817 terris
742 1785 966 1825 arabilibus,
1008 1797 1104 1830 quas

255 1853 355 1886 idem
385 1853 504 1887 OGUZ
543 1855 789 1898 possidebat»
833 1856 1104 1901 (Monumenta

255 1924 444 1958 ecclesiae
465 1924 754 1970 Strigoniensis.
779 1927 973 1972 Strigonii,
999 1928 1100 1974 1874.

254 1995 361 2029 Tom.
406 1997 435 2030 Ι.
477 2008 568 2041 pag.
611 1999 705 2042 594).
750 1998 910 2033 Formae
944 2000 1101 2034 tandem

253 2066 356 2107 ΘΓΖ,
387 2067 504 2101 ΟΓΖΕ
532 2074 568 2102 01
595 2068 743 2103 (ΞΕΖΕΥ
771 2070 808 2103 111
836 2070 971 2104 11110115
999 2072 1101 2116 regis

252 2139 467 2172 ANDREAE
506 2140 555 2173 II.
596 2141 643 2174 de
687 2153 787 2175 anno
830 2152 912 2176 1211
955 2148 1098 2184 extant,

251 2209 389 2254 quibus
406 2212 679 2245 monasterium
691 2212 948 2258 Tibanyiense
964 2215 1099 2248 funda-

250 2280 315 2320 vit,
349 2281 424 2314 vid.
455 2282 579 2315 10011111
608 2283 817 2317 1111013111111
846 2291 1095 2329 sequentem:

252 2351 486 2386 «Uduornici
507 2353 554 2387 de
574 2353 724 2388 Mortus
753 2355 802 2400 hij
825 2361 912 2389 sunt
930 2357 997 2390 filii
1019 2358 1096 2391 Ka-

248 2423 406 2463 rachun,
426 2423 522 2457 Pota
541 2436 627 2458 011111
647 2426 735 2459 filiis
755 2427 846 2466 suis,
866 2427 1043 2462 Thomud
1062 2435 1098 2462 et

246 2494 312 2527 filii
333 2494 427 2535 01115,
449 2495 552 2535 GL‘Z‚
585 2497 685 2530 Beke
705 2502 740 2530 61
766 2498 882 2532 frater
897 2498 1094 2533 Thomud»

246 2570 317 2598 610.
340 2565 448 2609 (Cod.
470 2566 560 2610 dipl.
581 2568 672 2612 Arp.
695 2574 796 2602 cont.
820 2569 929 2602 Tom.
954 2570 982 2610 I,
1004 2582 1095 2615 pag.

249 2636 343 2681 119).
375 2637 535 2672 Formae
563 2637 681 2672 GUZE
709 2644 746 2673 et
773 2639 919 2674 Grzmr
963 2641 999 2674 in
1037 2641 1095 2675 his

245 2707 380 2741 litteris
398 2709 513 2752 paulo
534 2709 629 2743 infra
650 2710 882 2755 allegantur.
903 2732 948 2736 —
970 2712 1093 2756 Scrip-

244 2785 342 2812 tores
363 2779 536 2814 sinenses
555 2785 711 2825 gentem
733 2781 945 2816 Guzzorum
960 2782 1095 2816 Ho-sa

243 2850 503 2885 nominabant.

174 2944 267 2988 Pag.
296 2953 472 2987 LXXXIV,
503 2947 567 2981 lin.
602 2958 640 2993 17
669 2954 754 2992 post
786 2949 931 2994 «viget»
962 2950 1088 2984 addc:

242 3016 390 3050 Nomen
417 3016 626 3063 Jassonum
667 3020 712 3053 cl.
753 3019 1026 3054 TOMASCHEK
1055 3022 1089 3055 in

240 3087 334 3121 libro
363 3100 476 3133 supra
505 3090 623 3124 citato
662 3102 747 3124 cum
781 3092 1088 3136 Ephthalitarum

240 3158 340 3192 idem
374 3171 458 3194 esse
500 3166 600 3195 10016
629 3162 807 3206 opinatus
847 3169 903 3197 est
941 3165 987 3198 de
1015 3166 1087 3199 hac

1262 220 1372 253 reita
1400 220 1597 254 scribens:
1642 221 1749 255 «Wir
1775 223 1907 256 wollen
1938 235 2009 257 uns
2028 225 2109 258 hier

1260 290 1365 323 nicht
1392 291 1429 323 in
1460 291 1716 337 weitlaufigen
1758 293 2105 339 Untersuchungen

1260 362 1440 407 ergehen,
1470 362 1613 396 welche
1640 374 1712 396 von
1740 363 1813 397 den
1841 364 2105 399 fiberlieferten

1259 433 1594 473 Namensformen,
1641 434 1688 467 ob
1728 435 1835 468 arab.
1867 435 2002 470 Haital
2041 437 2105 480 (pl.

1260 504 1474 549 Hayatila),
1504 505 1595 538 oder
1612 516 1755 538 armen.
1776 485 1986 550 Hephthal,
2006 506 2104 540 The-

1257 576 1335 615 tal,
1379 554 1472 609 'oder
1512 576 1663 620 byzant.
1710 576 1911 621 ‘Ises-Imm
1956 578 2106 622 Asnam,

1257 647 1349 680 oder
1376 646 1445 680 sin.
1473 647 1630 687 Ye-tha,
1659 647 1781 687 Yi-ta,
1809 647 1996 691 Ye-yi·ta,
2027 648 2105 681 I-ta

1257 718 1330 751 den
1370 717 1526 761 Vorzug
1560 718 1737 751 verdiene
1781 718 1857 751 und
1882 730 1962 752 was
2000 719 2104 752 dann

1257 788 1318 822 die
1346 788 1637 833 ursprijngliche
1666 788 1895 834 Bedeutung
1928 800 2104 834 gewesen

1256 859 1324 900 sei,
1353 859 1419 893 wir
1445 860 1595 893 konnen
1622 860 1715 893 aber
1753 860 1859 893 nicht
1885 860 2102 901 verhehlen,

1255 931 1346 964 dass
1374 942 1444 964 uns
1474 931 1547 964 alle
1575 930 1682 964 diese
1711 931 1871 965 Formen
1911 931 1981 966 wie
2019 931 2104 965 eine

1256 1001 1528 1047 Erweiterung,
1572 1002 1655 1035 eine
1691 1003 1829 1036 vollere
1856 1003 2104 1047 Aussprache

1254 1072 1322 1106 des
1349 1073 1493 1106 alteren
1521 1073 1652 1106 Yu'e-ti
1680 1073 1773 1107 oder
1795 1072 1904 1107 Ἰάτιοι
1930 1073 2102 1108 vorkom—

1255 1155 1354 1184 men,
1384 1144 1460 1177 und
1487 1144 1578 1177 dass
1617 1144 1744 1178 11101115
1782 1144 1899 1179 wider
1937 1145 1998 1179 die
2024 1145 2102 1179 An-

1253 1215 1393 1248 nahme
1421 1214 1578 1259 spricht,
1614 1215 1740 1249 dieser
1766 1215 1842 1249 alte
1880 1215 2007 1249 Name
2047 1216 2102 1250 sei

1252 1286 1321 1320 auf
1343 1286 1403 1319 die
1430 1297 1567 1320 neuere
1609 1285 1789 1320 Schichte
1828 1287 1896 1320 der
1935 1286 2102 1321 Hunnen

1254 1357 1570 1401 fibergegangen,
1600 1357 1669 1390 wie
1697 1357 1797 1391 denn
1824 1358 1923 1392 auch
1963 1358 2024 1392 die
2051 1358 2100 1392 si-

1252 1428 1411 1462 nischen
1438 1428 1615 1462 Annalen
1635 1429 1840 1462 bemerken
1863 1429 1938 1462 «les
1957 1430 2102 1464 Ye-tha

1254 1504 1340 1533 sont
1366 1500 1412 1533 de
1452 1500 1489 1533 13
1528 1511 1616 1534 1300
1660 1500 1728 1533 (105
1753 1501 1899 1546 grands
1926 1501 2098 1535 Yue'i-si»

1252 1570 1391 1615 (Nouv.
1434 1571 1520 1604 mel.
1574 1571 1687 1605 asiat.
1728 1572 1756 1611 I,
1798 1583 1832 1616 p.
1873 1581 1952 1618 240,
2007 1573 2099 1617 243).

1250 1642 1339 1675 Vid.
1362 1642 1729 1677 Centralasiatische
1758 1643 1929 1684 Studien,
1953 1644 1982 1684 I,
2004 1655 2098 1689 pag.

1251 1723 1308 1757 94,
1338 1723 1395 1758 95-

1181 1784 1278 1828 Pag.
1320 1792 1519 1824 LXXXVII,
1565 1785 1627 1818 lin.
1669 1796 1711 1829 23
1754 1796 1821 1829 pro
1864 1786 2097 1820 armenicam

1250 1855 1361 1898 lege:
1391 1855 1666 1889 armeniacam.

1180 1926 1275 1969 Pag.
1298 1933 1480 1966 LXXXIX,
1502 1926 1565 1959 lin.
1587 1934 1625 1971 17
1645 1937 1712 1970 pro
1732 1926 1968 1971 selgukienis
1988 1928 2074 1974 lege
2087 1941 2097 1962 :⁷

1248 1996 1519 2041 selgukiensis.

1183 2080 1278 2125 Pag.
1306 2088 1377 2121 XC,
1407 2081 1469 2114 lin.
1502 2082 1541 2114 16
1568 2092 1634 2125 pro
1669 2080 1830 2115 sollicite
1869 2082 1976 2126 lege:
2007 2083 2093 2116 soli-

1246 2150 1333 2184 cite.

1175 2221 1272 2267 Pag.
1301 2230 1418 2262 XCVI,
1454 2222 1516 2256 lin.
1549 2232 1588 2266 14
1615 2233 1682 2266 pro
1722 2222 1951 2267 praecedem
1979 2224 2090 2269 lege:

1245 2294 1554 2337 praecedentem.

1174 2364 1268 2408 Pag.
1296 2372 1430 2405 XCVII,
1461 2365 1523 2398 lin.
1553 2366 1595 2399 26
1622 2377 1688 2409 pro
1716 2366 1742 2399 72
1769 2366 1877 2413 lege:
1906 2366 1965 2400 clz.

1173 2435 1268 2479 Pag.
1298 2443 1451 2477 XCVIII,
1474 2437 1539 2469 lin.
1566 2448 1603 2471 12
1625 2442 1662 2471 et
1685 2436 1725 2471 18
1743 2448 1810 2481 pro
1831 2463 1877 2517 ἰ
1895 2438 2006 2482 lege:
2028 2463 2089 2513 ἰ.

1172 2517 1267 2563 Pag.
1298 2526 1414 2559 CXIV,
1436 2519 1502 2553 lin.
1524 2530 1566 2565 29
1582 2524 1667 2563 post
1690 2519 1818 2565 «(pag.
1849 2520 1947 2565 151)»
1967 2520 2088 2554 adde:

1240 2589 1340 2623 Vide
1380 2590 1496 2623 etiam
1536 2595 1680 2624 textum
1722 2592 1881 2636 symboli
1924 2591 2089 2626 Nicaeni

1239 2661 1496 2695 cumanicum.
1937 2696 1941 2698 .

1168 2731 1263 2775 Pag.
1292 2732 1521 2774 CXV11,flin.
1551 2733 1786 2776 antepenult.
1830 2744 1896 2777 pro
1923 2729 2087 2822 &³25

1238 2803 1325 2848 lege
1344 2815 1350 2836 :
1368 2790 1466 2889 εἴ

1139 2891 1141 2893 “
1169 2885 1263 2929 Pag.
1283 2893 1401 2925 CXIX,
1419 2886 1481 2920 lin.
1499 2897 1541 2931 24
1561 2897 1627 2930 pro
1646 2888 1789 2922 :mlclec‘
1802 2888 1887 2932 lege
1905 2900 1912 2922 ε
1930 2889 2083 2923 zotcchi.

1169 2956 1263 3000 Pag.
1294 2964 1442 2998 CXXIV,
1472 2957 1537 2991 lin.
1572 2968 1610 3003 11)
1639 2970 1705 3003 pro
1746 2959 1940 2993 literarum
1969 2960 2081 3005 lege:

1237 3027 1460 3062 litterarum.

1165 3093 1260 3142 pag.
1291 3106 1439 3137 CXXVI,
1470 3099 1531 3133 lin.
1560 3100 1580 3133 6
1614 3111 1679 3144 pro
1723 3101 1928 3135 maximum
1968 3103 2079 3147 lege:

1234 3169 1455 3204 maximam.
