2187 3652
1024 111 1128 137 XCIV

129 225 464 269 mutationem
493 223 727 269 videmus
767 225 817 269 in
858 224 1080 270 dialecto
1120 223 1381 281 kazanica‚
1424 242 1466 271 e.
1516 242 1559 270 σ.
1614 242 1673 270 072
1730 225 1861 270 «far»
1919 225 2030 270 loco

1514 264 1542 287 Ο

128 315 234 371 cag.
279 327 361 367 zm,
403 341 470 344 —
509 316 612 356 osta
653 312 842 372 pariter
880 320 1035 373 atque
1075 312 1124 357 in
1166 312 1196 357 1.
1251 313 1522 358 cumanica
1572 313 1686 358 loco
1739 315 1847 375 cag.
1889 317 2027 369 κείω

127 416 152 444 0
194 399 447 444 contrario
489 416 554 444 nn
615 399 856 445 «decem»
915 400 1027 445 loco
1079 416 1139 444 on
1190 400 1404 446 aliarum
1460 400 1813 457 dialectorum,
1865 430 1932 434 ——
1978 401 2037 446 ul

129 487 258 543 «ille,
302 487 401 543 illa,
445 488 599 534 illud»
645 488 759 533 loco
800 491 908 549 cag.
950 487 1000 532 ol
1035 495 1132 533 etc.
1180 488 1236 533 In
1277 488 1447 549 lingua
1494 505 1699 550 quoque
1741 488 2029 541 Turkoma-v

124 592 302 621 norum
325 576 517 622 vocalis
540 593 569 621 u
611 593 701 637 pro
740 593 765 621 0
793 576 1007 622 aliarum
1037 576 1372 622 dialectorum
1403 592 1650 640 perquam
1680 594 1832 639 saepe
1855 595 2028 624 occur-

122 664 200 719 rit,
262 681 304 709 0.
358 680 403 725 g.
457 664 543 709 bul
594 682 709 710 «es»
767 680 856 724 pro
907 664 986 709 bol
1033 672 1129 711 etc.
1187 665 1245 710 In
1297 681 1533 712 sermone
1584 666 1830 712 bosniaco
1881 667 2029 712 BLAU

122 751 340 798 docente
380 753 584 798 vocales
623 769 648 797 0
688 761 738 798 et
777 760 805 797 ὁ
841 752 979 799 haud
1020 753 1091 799 ita
1130 770 1244 799 raro
1284 770 1399 799 cum
1442 770 1473 798 n
1514 761 1564 800 et
1603 761 1635 799 22·
1657 762 2029 815 permutantur,

122 856 163 884 e.
206 856 251 899 g.
294 856 391 902 uglc
437 841 635 886 «ulula»
681 857 772 902 pro
811 847 903 903 ogia·
941 841 1154 887 aliarum
1197 841 1553 899 dialectorum,
1608 842 1799 888 vocalis
1848 860 1968 889 vero
2007 851 2035 888 ὅ

121 945 237 973 cum
279 934 310 973 22·
349 929 398 974 in
438 946 587 975 versu
628 929 921 976 cadentiam
963 929 1100 987 facit,
1144 930 1216 976 ita
1241 938 1320 975 sc'iz‘
1360 947 1476 976 curn
1505 930 1600 992 jz'lz
1639 939 1738 977 etc.

260 1017 528 1063 Vocalium
570 1017 838 1064 harmonia
878 1018 1033 1064 etiam
1074 1019 1123 1064 in
1164 1019 1340 1081 lingua
1388 1020 1658 1066 cumanica
1704 1037 1907 1066 summa
1947 1020 2027 1066 lex

121 1114 244 1162 erat,
287 1114 337 1151 at
378 1106 505 1152 haec
546 1106 626 1152 lex
665 1107 729 1152 ob
769 1124 922 1168 saepe
975 1108 1353 1154 inconstantem
1409 1116 1459 1155 et
1498 1108 1833 1169 inperfectam
1874 1107 2030 1154 deno-

121 1193 369 1239 tationem
410 1195 683 1252 vocalium,
726 1196 1001 1257 praecipue
1042 1195 1295 1257 inprima
1324 1197 1519 1243 codicis
1559 1186 1714 1258 parte>
1758 1213 1858 1242 non
1899 1213 2028 1242 sem-

121 1298 210 1342 per
254 1291 485 1344 apparet,
528 1283 685 1329 immo
726 1284 775 1330 in
816 1285 1145 1330 vocabulario
1186 1285 1487 1347 saepissime
1527 1285 1669 1342 latet,
1712 1302 1754 1331 e.
1796 1302 1841 1347 g.
1895 1285 2032 1347 birga

126 1371 358 1428 «simul»,
400 1401 467 1406 —
505 1377 702 1429 yelmac,
745 1373 805 1420 cf.
849 1376 957 1435 cag.
987 1372 1190 1435 jilmc'ik,
1230 1404 1294 1408 —
1348 1373 1529 1436 lerclap
1573 1374 1874 1420 «velociter»
1932 1381 2029 1420 etc.

264 1459 437 1505 Etiam
479 1460 582 1506 inl.
623 1462 894 1508 cumanica
934 1462 1126 1508 vocalis
1167 1461 1332 1508 suffixi
1373 1462 1629 1508 interdum
1682 1462 1747 1509 ad
1798 1463 2029 1509 vocalem

122 1548 308 1594 radicis
349 1548 712 1606 conformatur,
755 1567 910 1612 quam
952 1550 1376 1597 assimilationem
1418 1551 1466 1597 in
1515 1551 1738 1597 dialecto
1768 1551 2031 1597 Kazanica

121 1644 171 1682 01
211 1636 260 1682 in
301 1637 413 1683 aliis
454 1655 659 1700 quoque
701 1639 936 1685 dialectis
977 1639 1341 1701 conspicimus.

261 1725 481 1772 Vocales
521 1727 701 1773 breves
741 1727 997 1774 interdum
1051 1728 1206 1774 elisae
1259 1746 1371 1775 esse
1424 1729 1661 1775 videntur
1712 1728 1790 1774 vel
1844 1727 2023 1774 saltem

120 1831 220 1859 non
273 1814 598 1872 denotantur,
654 1833 695 1863 e.
748 1832 795 1877 g.
849 1816 933 1878 cljst
1002 1824 1358 1878 «peccatum»,
1415 1817 1476 1865 cf.
1530 1818 1851 1863 osmanicum
1903 1816 2027 1879 ajip,

118 1902 323 1949 arabice
357 1890 502 1965 3.ᾉῄ
547 1904 595 1950 111
636 1904 799 1951 forma
841 1905 977 1951 verbi
1019 1909 1194 1967 ίιϊένῑϊῤ
1241 1907 1372 1968 (pag.
1410 1907 1525 1968 138)
1555 1907 1666 1967 ipsa
1689 1905 1852 1951 suffixi
1880 1922 2029 1952 voca-

118 1991 178 2036 lis
219 1992 343 2037 elisa
395 2001 488 2049 est,
531 1993 592 2038 cf.
648 1993 864 2040 formam
916 1994 1199 2041 factitivam
1241 1998 1349 2057 cag.
1410 1994 1664 2040 taffzirmdk
1720 1994 2025 2056 «dejicere».

122 2081 266 2125 Haec
307 2081 452 2127 elisio
493 2083 647 2128 etiam
690 2082 739 2128 in
780 2083 1004 2129 dialecto
1043 2083 1289 2130 kazanica
1330 2083 1466 2130 haud
1509 2084 1579 2129 ita
1637 2100 1751 2129 raro
1792 2083 2028 2140 occurrit,

117 2186 160 2214 e.
202 2185 247 2229 g.
290 2173 423 2215 ίόὲνὰἶ
462 2187 553 2232 pro
593 2174 767 2227 ldffirc'z',
808 2203 873 2206 —
925 2172 1048 2217 ὀνᾶῖϊ
1100 2189 1190 2233 pro
1240 2172 1389 2217 berc'iz'c'
1445 2173 1711 2235 «aliquis»,
1765 2201 1833 2205 —
1886 2172 2032 2218 borno

123 2275 307 2304 «nasus
347 2257 487 2320 ejus»
534 2276 623 2321 pro
663 2260 839 2305 borona
879 2269 976 2306 etc.

259 2347 338 2393 De
379 2349 617 2394 consonis
658 2349 786 2395 haec
827 2366 991 2411 pauca
1031 2349 1319 2396 admoneo:
1366 2351 1404 2396 I.
1447 2367 1704 2396 consonae
1744 2349 2028 2411 gutturales

118 2435 318 2497 linguae
366 2437 669 2483 cumanicae
724 2454 814 2499 per
866 2446 1141 2501 sequentes
1194 2439 1390 2485 litteras
1443 2446 1686 2485 notantur
1732 2454 1772 2485 1.
1814 2437 1845 2484 k
1887 2453 1932 2486 2.
1974 2437 2028 2484 cla

117 2539 163 2582 3.
198 2523 265 2586 gh
306 2540 352 2584 4.
394 2541 416 2570 c
455 2538 499 2584 5.
535 2542 574 2588 g
608 2529 653 2572 6.
695 2525 726 2571 lc
768 2541 813 2588 7.
857 2515 1001 2589 signo
1041 2527 1268 2590 quodam
1291 2528 1491 2574 litterae
1516 2527 1835 2574 Graecorum
1857 2550 1886 2587 ρ
1912 2526 2028 2572 sub-

117 2629 295 2658 versae
348 2630 595 2676 perquam
651 2614 819 2672 simili,
874 2632 976 2678 quo
1022 2616 1213 2662 nasalis
1266 2615 1527 2678 explosiva
1579 2632 1646 2678 ng
1697 2615 2026 2677 significatur.

119 2701 360 2747 Consona
399 2701 499 2764 leaf
528 2702 814 2750 Turcarum
857 2704 907 2750 in
947 2705 1175 2751 secunda
1215 2705 1408 2752 codicis
1448 2712 1594 2767 parte
1635 2705 1900 2767 plerumqe
1941 2721 2030 2766 per

116 2789 147 2835 k
187 2798 236 2836 01
275 2807 296 2835 c
335 2790 624 2849 denotatur,
669 2810 711 2839 e.
771 2809 817 2855 g.
871 2793 1141 2839 learovimz'z
1200 2793 1516 2855 «praemium
1569 2800 1829 2839 nostrum»
1895 2793 2027 2855 (pag.

123 2880 259 2939 145),
301 2909 367 2912 —
406 2879 561 2926 kcchcm
606 2899 793 2943 «quum
835 2890 951 2939 etc.,
995 2882 1282 2945 eademque
1330 2899 1556 2928 consona
1597 2882 1645 2927 in
1698 2882 2029 2928 vocabulario

118 2984 269 3027 saepe
310 2968 465 3014 etiam
508 2986 596 3030 per
634 2988 656 3015 c
693 2970 1024 3031 significatur,
1079 2989 1122 3017 e.
1171 2988 1216 3031 g.
1261 2988 1374 3033 pag.
1439 2986 1495 3032 17
1549 2987 1781 3027 coarmcn,
1832 2970 2029 3032 coydmn

118 3064 234 3113 etc.,
278 3056 339 3101 cf.
384 3060 491 3119 cag.
535 3052 714 3124 &Lar-g
744 3088 812 3092 —
852 3077 1039 3122 cuyrltg·
1076 3060 1323 3117 «cauda»,
1366 3059 1426 3106 cf.
1470 3067 1646 3135 09747'2,
1700 3088 1767 3093 —
1807 3058 2030 3104 samacha

122 3143 215 3188 «ad
258 3143 503 3191 inferna».
551 3147 697 3193 Haec
726 3147 837 3208 ipsa
878 3165 1102 3194 consona
1145 3148 1300 3194 etiam
1344 3165 1434 3209 per
1460 3147 1513 3193 cla
1543 3156 1591 3194 et
1612 3147 1678 3209 glz
1714 3147 2024 3207 designatur,

119 3249 160 3278 0.
203 3249 248 3294 g.
302 3232 506 3280 tz'clmcac
560 3235 628 3296 (in
684 3252 796 3297 pag.
838 3238 922 3298 43)
964 3236 1108 3298 juxta
1150 3237 1304 3282 te'ctim
1349 3236 1658 3298 «plantavi»,
1703 3265 1767 3269 ———
1807 3235 2024 3291 kaclzma,
