2187 3652
538 896 1137 966 EXCURSUS
1182 899 1559 965 ALTER.

182 1109 279 1146 DE
325 1074 666 1148 Gnossis
709 1108 1036 1148 Go'rims
1081 1110 1289 1149 APUD
1346 1092 1902 1156 BusssEQvium.

232 1312 472 1365 Quaedam
507 1320 727 1366 excerpta
760 1327 817 1353 ex
851 1320 1016 1366 quarta
1050 1315 1271 1353 AUGERH
1307 1313 1531 1353 GISLENII
1566 1314 1841 1363 BUsBEQUH
1875 1314 1995 1365 epis-

92 1390 187 1429 tola
225 1391 307 1429 «de
340 1390 576 1443 legatione
610 1390 826 1440 turcica»,
863 1391 906 1429 in
943 1391 1109 1443 quibus
1143 1397 1303 1431 auctor
1334 1392 1391 1430 de
1424 1398 1564 1444 gente
1597 1391 1819 1431 Tauricae
1854 1390 1994 1431 Cher-

92 1467 244 1507 sonesi
279 1467 547 1520 germanica
580 1467 859 1520 disputavit*

237 1544 367 1584 «Non
400 1558 605 1596 possum,
641 1544 790 1597 inquit
826 1545 893 1594 13„
928 1545 1014 1584 hoc
1048 1545 1150 1584 loco
1183 1545 1447 1597 praeterire,
1483 1558 1601 1597 quae
1634 1545 1692 1584 de
1737 1551 1877 1597 gente
1922 1558 1995 1584 ac—

92 1620 207 1673 cepi,
244 1635 361 1673 quae
385 1621 639 1661 etiamnum
675 1621 835 1661 incolit
857 1622 1101 1661 Tauricam
1127 1622 1482 1671 Chersonesum,
1518 1635 1656 1674 quam
1694 1635 1832 1674 saepe
1866 1621 1995 1661 audi-

92 1711 248 1737 veram
282 1711 509 1748 sermone,
545 1699 764 1747 moribus,
800 1712 878 1738 ore
910 1699 1109 1751 denique
1152 1698 1253 1751 ipso
1298 1704 1343 1738 et
1388 1698 1594 1750 corporis
1638 1698 1813 1747 habitu,
1855 1698 1995 1751 origi-

93 1789 197 1815 nem
233 1774 558 1816 Germanicam
593 1775 773 1815 referre.
810 1775 973 1828 Itaque
1008 1789 1079 1814 me
1112 1775 1189 1814 diu
1233 1775 1464 1827 cupiditas
1510 1775 1657 1814 tenuit
1704 1775 1890 1814 videndi
1937 1776 1996 1814 ab

93 1866 148 1892 ea
181 1859 368 1905 gentem
404 1852 619 1905 aliquem,
655 1859 700 1892 et
747 1852 784 1891 si
829 1851 926 1892 fieri
972 1859 1131 1904 posset
1176 1852 1283 1891 inde
1329 1851 1518 1891 eruendi
1565 1851 1741 1904 aliquid
1787 1852 1909 1904 quod
1943 1865 1997 1891 ea

95 1929 257 1982 lingva
290 1928 514 1981 scriptum
548 1935 685 1978 esset,
721 1931 801 1969 sed
834 1930 921 1968 hoc
955 1928 1177 1981 consequi
1211 1942 1303 1968 non
1337 1927 1481 1980 potui.
1531 1928 1677 1968 Casus
1724 1934 1880 1968 tamen
1926 1934 1996 1968 ut-

93 2019 273 2058 cunque
306 2005 536 2045 desiderio
570 2020 672 2045 meo
706 2005 944 2046 satisfecit.
992 2005 1104 2045 Cum
1155 2010 1310 2044 essent
1344 2005 1434 2043 duo
1479 2004 1568 2043 huc
1614 2004 1741 2044 illinc
1775 2004 1994 2058 delegati,

95 2082 172 2135 qui
206 2082 363 2121 nescio
396 2096 512 2135 quas
546 2083 757 2134 querelas
798 2082 986 2122 nomine
1030 2081 1128 2121 eius
1173 2081 1328 2134 gentis
1362 2081 1420 2120 ad
1464 2080 1722 2133 principem
1769 2080 1998 2121 deferrent

95 2159 278 2212 meique
312 2159 588 2212 interpretes
623 2159 669 2198 in
703 2173 782 2199 eos
817 2158 1103 2207 incidissent,
1144 2171 1371 2197 memores
1418 2157 1527 2210 quid
1574 2158 1639 2197 eis
1685 2159 1996 2206 mandassem,

95 2236 131 2275 si
167 2235 213 2275 id
245 2249 332 2275 usu
365 2236 557 2285 veniret,
605 2236 663 2275 ad
708 2236 957 2288 prandium
1003 2235 1107 2274 illos
1152 2235 1210 2274 ad
1255 2248 1327 2274 me
1373 2235 1681 2274 adduxerunt.
1718 2235 1853 2275 Alter
1899 2241 1996 2274 erat

95 2313 340 2365 procerior,
387 2320 484 2353 toto
529 2327 607 2353 ore
656 2313 907 2366 ingenuam
942 2314 1175 2365 quandam
1211 2311 1557 2364 simplicitatem
1593 2325 1703 2364 prae
1752 2326 1800 2351 se
1833 2312 1997 2360 ferenS,

95 2395 144 2428 ut
178 2390 380 2429 Flander
412 2390 645 2429 videretur
677 2396 755 2429 aut
789 2390 1025 2429 Batavus?
1058 2390 1175 2429 alter
1218 2395 1315 2428 erat
1367 2389 1563 2437 brevior,
1611 2395 1853 2441 compacto
1900 2403 1997 2428 cor-

95 2479 220 2517 pore,
255 2466 408 2506 colore
440 2466 582 2515 fusco,
617 2472 719 2505 ortu
753 2472 797 2505 et
831 2479 1043 2506 sermone
1077 2465 1295 2514 Graecus,
1344 2466 1425 2505 sed
1473 2465 1550 2517 qui
1599 2465 1826 2517 frequenti
1873 2479 1997 2505 com-

95 2542 265 2582 mercio
299 2556 390 2582 non
425 2543 816 2583 contemnendum
858 2543 955 2582 eius
1000 2543 1187 2594 lingvae
1221 2556 1353 2582 usum
1389 2543 1595 2581 haberet.
1632 2555 1739 2581 nam
1787 2542 1997 2594 superior

92 2618 345 2669 vicinitate,
379 2627 424 2659 et
457 2619 684 2673 frequenti
720 2619 998 2660 Graecorum
1039 2619 1372 2659 consvetudine
1420 2619 1485 2658 sic
1533 2632 1689 2658 eorum
1736 2632 1995 2658 sermonem

95 2695 356 2745 imbiberat,
392 2705 440 2736 ut
484 2696 724 2749 popularis
772 2697 840 2735 sui
887 2703 1010 2736 esset
1053 2696 1238 2735 oblitus.
1285 2695 1599 2747 interrogatus
1643 2695 1701 2741 de
1746 2701 1911 2734 natura
1952 2702 1997 2734 et

95 2772 300 2812 moribus
333 2773 516 2812 illorum
551 2774 842 2826 populorum,
877 2773 1183 2825 congruentia
1216 2772 1544 2824 respondebat.
1592 2772 1763 2811 Aiebat
1809 2778 1995 2824 gentem

96 2862 198 2888 esse
231 2849 516 2898 bellicosam,
552 2864 669 2902 quae
704 2850 965 2901 complures
1000 2863 1147 2901 pagos
1182 2849 1410 2900 hodieque
1445 2848 1680 2897 incoleret,
1727 2862 1785 2888 ex
1830 2849 1997 2901 quibus

36 2943 41 2947 ·
96 2925 393 2965 Tartarorum
428 2927 630 2978 regulus,
680 2940 780 2965 cum
828 2926 1083 2978 expediret,
1131 2926 1425 2978 octingentos
1472 2925 1652 2977 pedites
1694 2925 1997 2977 sclopetarios

96 3003 329 3052 scriberet,
363 3003 661 3055 praecipuum
697 3017 882 3042 suarum
917 3002 1152 3055 copiarum
1176 3002 1543 3048 firmamentum;
1569 3001 1814 3053 primarias
1838 3015 1994 3041 eorum

244 3202 259 3216 *⁸
289 3202 335 3234 A.
369 3201 415 3234 G.
448 3202 684 3241 BUSPAEQUII
719 3201 763 3233 Ι).
796 3201 1018 3241 Legationis
1048 3201 1215 3233 turcicae
1257 3200 1441 3244 epistolae
1481 3204 1643 3242 quatuor
1682 3204 1753 3231 etc.
1799 3198 1997 3230 Hanoviae

99 3272 263 3306 MDCV.
