2187 3652
1101 51 1185 76 LXX

195 163 493 224 Ungariam,
538 163 672 207 illinc
716 180 876 224 usque
907 163 1226 209 Carintbiam
1259 164 1414 209 crevit
1444 166 1721 211 accessio.»
1757 167 1887 212 Item
1930 169 2090 213 «Rur-

191 269 275 297 sus
305 252 528 312 Sbigneo
558 251 874 296 muliebriter
903 251 1254 312 illacrymante
1286 253 1487 298 PARTHI
1514 254 1755 299 Poloniae
1780 254 1904 300 fines
1929 273 2088 317 popu—

190 341 371 395 lantur,
422 356 549 400 quos
600 347 738 385 trans
792 339 1001 384 flumina
1054 339 1261 384 tandem
1317 341 1647 402 consequitur
1700 343 1986 401 Boleslaus,
2041 353 2091 391 et

189 428 360 473 hostes
390 428 580 490 passim
606 428 838 484 fundens,
861 429 1093 489 captivos
1117 445 1234 474 suos
1264 445 1382 475 ense
1412 430 1684 487 redimunt,
1717 440 1765 477 et
1797 433 2090 479 Praedones

188 516 235 561 in
291 517 513 577 praedae
566 517 811 578 praedam
866 517 1166 563 convertit.»
1225 518 1354 563 Item
1414 519 1631 565 «Verum
1681 520 1764 565 ille
1818 521 2090 568 PARTHICO

188 607 301 666 plus
354 622 507 666 quam
557 606 806 651 PARTHUS
858 605 1028 667 fugam
1081 605 1220 667 eligit
1272 606 1442 668 potius
1482 615 1531 653 et
1574 608 1724 654 Marii
1766 609 2000 671 exemplo
2039 611 2089 657 in

190 694 456 739 Mazoviae
498 693 714 739 carectis
743 694 1046 740 delitescit.»
1095 695 1252 741 Porro
1297 695 1489 742 «Adest
1546 710 1768 758 namque
1811 697 1927 743 Dux
1971 701 2087 746 Bel-

186 782 293 828 ziae
334 782 625 829 Vseuoldus
671 799 787 828 cum
842 782 1167 845 Principibus
1222 784 1723 830 Laodomiriensium
1778 783 2086 846 praecipuis,

186 887 300 916 cum
345 871 521 916 electis
563 870 900 916 Tibianorum
930 871 1127 928 turmis,
1179 889 1293 918 cum
1338 873 1642 919 Parthorum
1685 873 1908 919 millibus
1949 872 2088 925 urbis

185 959 458 1005 subsidio«
524 959 760 1021 Denique
808 960 1104 1006 «Romanus
1151 962 1287 1023 (Dux
1338 962 1593 1024 Haliciae)
1654 962 1787 1008 Duci
1832 960 2085 1008 Leszkoni

183 1048 366 1093 obnixe
396 1048 669 1110 supplicat,
702 1065 815 1094 eum
858 1057 1107 1111 perpetuo
1148 1057 1202 1095 ut
1242 1049 1491 1096 famulatu
1534 1050 1627 1096 sibi
1657 1050 1863 1112 obliget,
1894 1058 1948 1096 ut
1977 1049 2086 1112 ejus

182 1136 430 1197 obsequio
471 1137 669 1182 cunctis
697 1137 1076 1204 Ruthenorum
1122 1138 1450 1200 Principibus
1491 1156 1550 1185 ac
1601 1140 1935 1185 PARTHORUM
1996 1154 2087 1200 per

184 1225 349 1285 ipsum
414 1226 646 1286 partibus
694 1226 1017 1288 imperaret.»
1054 1232 1064 1246 ¹
1128 1228 1427 1290 Anonymus
1488 1228 1624 1274 Saxo
1683 1228 1745 1274 de
1802 1228 1984 1274 Russis
2035 1234 2085 1273 et

184 1314 431 1359 Cumanis
468 1332 495 1360 a
529 1315 784 1373 Mongolis
806 1332 938 1361 anno
969 1331 1095 1363 1222
1128 1316 1343 1362 devictis
1373 1318 1420 1362 in
1450 1317 1584 1363 hunc
1610 1317 1818 1362 modum
1849 1316 2080 1378 scripsit:

186 1424 199 1443 α
218 1402 728 1464 Temporibusistius
759 1404 1091 1465 Imperatoris
1120 1405 1329 1466 quidam
1353 1406 1607 1451 exercitus
1635 1405 1697 1451 de
1726 1407 1863 1466 Asya
1892 1405 2080 1460 exiens,

182 1492 266 1552 qui
303 1491 447 1552 juxta
488 1492 715 1549 fluvium,
759 1494 844 1555 qui
887 1493 1037 1539 Than
1079 1494 1383 1556 appellatur,
1426 1494 1744 1551 habitabant,
1790 1494 2083 1539 invaserunt

182 1581 443 1638 PAR'rHos,
463 1580 649 1643 quibus
670 1582 893 1628 Rutheni
923 1583 1165 1628 auxilium
1190 1582 1435 1642 ferebant,
1467 1573 1937 1644 commiseruntque
1966 1599 2081 1628 cum

179 1668 424 1714 Tliataris
452 1671 717 1731 praelium,
742 1679 791 1717 et
819 1671 939 1717 victi
965 1679 1097 1717 sunt.
1124 1672 1474 1718 Conciderunt
1497 1673 1670 1734 itaque
1700 1672 1762 1717 de
1795 1671 2010 1716 Rutenis
2032 1678 2081 1716 et

178 1758 412 1803 PARTHIS
441 1759 505 1804 ad
536 1767 740 1805 centum
772 1759 930 1805 millia
972 1760 1317 1806 liominum.»²
1347 1761 1403 1806 In
1435 1761 1688 1806 chronicis
1717 1759 2082 1806 livoniensibus

174 1845 236 1890 <lc
280 1847 459 1892 codem
485 1846 620 1893 facto
661 1849 731 1894 ita
761 1848 1002 1895 refertur:
1041 1865 1223 1897 «1221.
1257 1849 1457 1895 Eodem
1488 1867 1621 1895 anno
1650 1849 1851 1895 fuerunt
1875 1848 2079 1895 Tartari

174 1934 220 1979 in
264 1934 425 1980 Terra
467 1937 743 1983 Valvorum
773 1953 1105 1999 paganorum,
1129 1938 1213 2000 qui
1246 1938 1385 1984 Parti
1416 1955 1442 1983 a
1472 1937 1781 1999 quibusdam
1820 1938 2077 1984 dicuntur.

171 2052 237 2056 ——
280 2024 348 2068 Et
390 2034 745 2085 pugnaverunt
786 2026 991 2072 Tartari
1045 2044 1160 2073 cum
1202 2028 1292 2087 eis,
1346 2036 1394 2073 et
1441 2027 1761 2073 debellarunt
1802 2043 1981 2073 omnes
2028 2026 2076 2072 in

171 2128 255 2157 ore
295 2112 466 2170 gladii,
515 2121 562 2159 et
604 2114 686 2159 alii
741 2114 976 2176 fugerunt
1028 2115 1091 2161 ad
1138 2116 1404 2162 Ruthenos
1451 2124 1687 2178 petentes
1739 2116 1982 2162 auxilium
2013 2115 2077 2162 ab

171 2200 293 2246 cis.»
322 2206 333 2227 ³
363 2201 687 2249 TE‹)1>HANEs
731 2204 1064 2265 Byzantinus,
1107 2205 1179 2250 uti
1220 2205 1457 2263 vidimus,
1500 2206 1695 2251 Avaros
1724 2213 1773 2251 et
1815 2205 2078 2251 Cumanos

170 2289 281 2334 loco
323 2290 479 2337 citato
523 2294 847 2350 Massagetas
888 2294 1186 2352 nominavit,
1227 2311 1386 2356 genus
1430 2295 1842 2354 Massagetarum
1871 2310 1989 2339 vero
2011 2293 2076 2339 ab

169 2379 392 2440 antiquis
434 2380 783 2441 scriptoribus,
827 2382 896 2428 ita
937 2400 979 2428 e.
1022 2399 1066 2441 g.
1098 2384 1161 2429 ab
1204 2385 1463 2429 AMMIANO
1500 2384 1852 2429 MARCELLINO
1899 2399 2075 2444 saepe-

170 2483 378 2512 numero
419 2485 531 2514 cum
577 2470 780 2515 Parthis
821 2470 950 2516 adeo
991 2471 1333 2528 confunditur,
1376 2479 1430 2518 ut
1470 2489 1624 2517 unum
1679 2471 1742 2517 ab
1783 2471 1943 2517 altero
1995 2470 2077 2516 vix

168 2555 406 2615 distingui
450 2558 627 2618 possit.
687 2559 905 2605 Parthos
957 2560 1181 2606 vicissim
1235 2561 1460 2606 nonnulli
1514 2560 1787 2622 scriptores
1839 2576 2075 2621 expresse

170 2645 387 2690 Hunnos
411 2645 586 2691 dicunt
606 2656 760 2709 atque
802 2648 937 2709 apud
979 2666 1066 2695 eos
1099 2651 1403 2696 Hunnorum
1434 2667 1618 2696 nomen
1648 2649 1849 2711 proprie
1885 2649 2073 2695 Cuma-

166 2749 258 2777 nos
301 2733 567 2793 significat,
614 2737 964 2783 Nicssi’Honus
1007 2739 1293 2785 GREGORAS
1334 2739 1467 2785 enim
1510 2739 1698 2785 diserte
1740 2738 1892 2784 dicit:
1932 2739 2074 2785 noxum

164 2829 210 2868 δὲ
237 2824 352 2869 δυτικ
388 2831 453 2870 καὶ
479 2831 939 2883 zn'smmnimmnuta!
983 2828 1216 2884 Hunnos,
1261 2828 1330 2873 uti
1369 2828 1471 2890 jam
1514 2828 1750 2882 vidimus,
1800 2827 2072 2889 scriptores

308 3002 315 3015 ¹
347 2998 562 3031 1)1,1·‹·.0s.s1
598 2999 694 3031 ΗΜ,
727 3000 851 3033 l'olon.
882 3001 1047 3044 Lipsiae,
1083 3010 1183 3045 ¹7¹2·
1214 3001 1321 3035 Tum.
1357 3003 1402 3035 ll.
1426 3001 1517 3045 Paga
1538 3004 1618 3046 004.
1641 3002 1721 3045 675,
1754 3001 1833 3039 (282,
1870 3003 1946 3046 787.
1987 3001 2068 3045 814.

304 3067 315 3081 ²
346 3062 598 3096 MliNclss-INII
623 3066 657 3096 S<
675 3065 831 3107 riptores
852 3077 971 3098 rerum
989 3067 1317 3100 Germanicarum.
1342 3067 1506 3110 Lipsiae,
1535 3076 1632 3111 1750.
1653 3067 1759 3100 Toni.
1785 3068 1852 3100 ΙΙΙ.
1877 3067 1968 3108 Pag.
1996 3077 2069 3111 123.

302 3133 314 3152 ³
342 3128 542 3160 (iRt'lzl-lm
575 3129 754 3171 (⁷)rigines
784 3130 975 3163 Livoniae.
1008 3132 1255 3170 Francofurti,
1289 3141 1389 3176 1740.
1423 3132 1515 3175 Pag.
1548 3141 1621 3175 150.

301 3196 313 3215 ⁴
342 3191 442 3224 Hist.
473 3192 560 3235 Byz.
592 3192 673 3225 Lib.
707 3194 734 3226 I.
766 3193 859 3237 Pag.
887 3195 944 3237 36.
977 3194 1050 3239 (ed.
1081 3195 1320 3238 Bonnensis).
