2187 3652
1062 150 1125 184 241

282 260 352 311 Jel
386 262 538 299 uburt.
576 260 645 299 Sit
683 273 861 299 sanum.

282 337 482 376 Marzus.
518 336 735 389 Nuptiae.

274 512 468 553 Schuos.
663 512 862 564 Sponsa.
1190 513 1409 552 Atochta.
1580 513 1771 552 Malum.

274 590 409 630 Baar.
663 590 794 628 Puer.
1192 589 1481 641 VVichtgata.
1584 590 1772 629 Album.

270 665 372 706 Ael.
662 666 818 718 Lapis.
1192 666 1364 706 Micha.
1587 666 1739 706 Ensis.

270 743 450 783 Menus.
659 744 792 783 Caro.
1193 743 1333 783 Lista.
1583 744 1765 783 Parum.

271 821 486 861 Rintsch.
660 821 812 861 Mons.
1191 819 1415 860 Schediit.
1582 821 1697 860 Lux.

269 898 394 937 Fers.
661 897 757 937 Vir.
1191 897 1456 937 Barrotsch.
1584 897 1827 937 Voluntas.

268 973 412 1014 Statz.
656 975 812 1014 Terra.
1191 974 1437 1015 Cadariou.
1582 974 1734 1014 Miles.

266 1050 387 1090 Ada.
656 1050 822 1091 Ovum.
1191 1051 1545 1103 Kilemschkop.
1583 1051 1731 1090 Ebibe
1766 1051 1972 1091 calicem.

271 1127 392 1168 Ano.
660 1128 862 1168 Gallina.
1189 1129 1281 1168 Tzo
1306 1129 1547 1168 warthata.
1583 1128 1651 1167 Tu
1684 1128 1847 1168 fecisti.

267 1205 440 1244 Telich.
656 1205 852 1245 Stultus.
1188 1205 1266 1256 Jes
1300 1206 1530 1245 varthata.
1583 1205 1668 1245 Ille
1700 1205 1820 1245 fecit.

264 1281 396 1334 Stap.
652 1282 817 1335 Capra.
1190 1283 1271 1324 Ich
1306 1282 1548 1323 malthata.
1585 1282 1686 1335 Ego
1721 1283 1838 1323 dico.

269 1345 521 1399 Gadelthas
656 1359 919 1399 Pulchrum.

264 1559 428 1610 Jussus
463 1560 527 1599 ita
561 1560 850 1600 numerabat.
886 1559 969 1608 lfa,
995 1563 1084 1608 fua,
1119 1561 1220 1610 lm'a,
1244 1560 1394 1614 fydcr,
1418 1559 1550 1614 five-tf,
1583 1561 1678 1609 sess,
1708 1574 1874 1609 seualle,
1901 1574 2029 1612 pror-

126 1649 216 1685 sus,
252 1643 301 1675 ut
335 1650 419 1676 nos
454 1637 660 1676 Flandri.
696 1637 815 1676 Nam
850 1651 932 1677 vos
966 1637 1207 1686 Brabanti,
1243 1637 1319 1690 qui
1354 1652 1436 1677 vos
1471 1637 1745 1677 Germanice
1792 1637 1916 1690 loqui
1962 1637 2027 1676 fa-

123 1713 241 1762 citis,
275 1713 349 1753 hic
384 1713 630 1766 magnifice
664 1728 745 1754 vos
779 1714 951 1763 efferre,
987 1721 1031 1754 et
1056 1728 1139 1754 nos
1164 1714 1322 1754 soletis
1346 1715 1517 1754 habere
1541 1714 1726 1763 derisui,
1751 1728 1804 1754 ac
1828 1714 1864 1754 si
1890 1715 2026 1754 istam

123 1804 282 1830 vocem
316 1790 675 1843 pronunciemus
708 1791 958 1840 rancidius,
993 1805 1131 1844 quam
1166 1806 1248 1831 vos
1271 1791 1416 1831 Senem
1441 1790 1627 1831 effertis.
1653 1791 2028 1844 Prosequebatur

123 1867 304 1915 deinde,
339 1867 575 1921 izlfhcnyne
599 1867 744 1921 (lege:
780 1867 914 1917 ΑΜΕ,
951 1868 1092 1922 ιςιήε),
1128 1867 1277 1915 flllinc,
1312 1867 1504 1916 theim'fa,
1529 1867 1758 1917 fllltllcl‘lm,
1784 1867 2025 1917 lhzlrlcfl‘liz,

120 1952 205 1984 ete.
238 1944 419 1997 Viginti
459 1944 643 1984 dicebat
680 1947 807 1998 sfegzz,
844 1945 1051 1997 triginta,
1086 1944 1346 1998 flmesffgvcn,
1382 1945 1697 1997 quadraginta
1719 1943 2023 1998 fzmz'esflzz'cn,

122 2028 308 2062 centum
340 2021 457 2070 sada,
493 2021 622 2061 haser
656 2022 825 2062 mille».

264 2098 577 2138 Doctissimus
613 2098 736 2139 CAR.
761 2099 867 2150 JUL.
904 2097 1217 2138 SCHRs'jERUs
1251 2113 1277 2138 a
1310 2113 1382 2138 me
1416 2099 1472 2137 de
1497 2097 1841 2151 significatione
1866 2112 2022 2138 eorum

120 2176 450 2215 vocabulorum
485 2176 813 2229 interrogatus,
849 2190 967 2228 quae
1001 2176 1238 2215 intellectu
1272 2175 1534 2215 difficiliora
1567 2175 1658 2214 sint
1687 2182 1731 2214 et
1755 2189 1872 2227 quae
1898 2175 2022 2214 BUs-

121 2262 333 2301 BEQUIUS
379 2267 480 2292 cum
515 2253 677 2305 lingua
720 2253 989 2305 germanica
1032 2266 1122 2292 non
1166 2253 1279 2292 satis
1322 2252 1628 2305 congruentia
1671 2252 1891 2304 opinatus
1937 2259 2021 2301 est,

120 2329 283 2369 litteris
307 2331 365 2369 ad
390 2344 461 2369 me
485 2330 835 2382 perhumaniter
859 2330 1026 2378 missis,
1062 2336 1233 2369 rectam
1270 2329 1502 2369 maximae
1527 2343 1682 2369 eorum
1708 2329 1854 2381 partis
1882 2329 2022 2367 inter-

120 2406 430 2458 pretationem
467 2406 642 2446 auxilio
676 2406 865 2459 linguae
914 2407 1097 2459 goticae
1132 2407 1400 2458 possibilem
1437 2420 1538 2445 esse
1573 2420 1663 2446 non
1699 2406 1847 2445 solum
1891 2419 2023 2458 prae-

119 2482 306 2532 dicavit,
343 2484 424 2523 sed
459 2484 599 2523 etiam
634 2484 789 2523 allatis
824 2484 994 2537 glossis
1029 2484 1211 2537 gotici5‚
1263 2497 1380 2536 quae
1426 2484 1481 2523 iis
1528 2484 1854 2536 respondeant,
1895 2483 2021 2522 lucu-

119 2559 267 2599 lenter
313 2560 665 2609 demonstravit,
713 2561 1067 2600 Massmannum
1104 2561 1365 2609 nominans,
1414 2560 1491 2613 qui
1539 2561 1584 2599 in
1636 2560 1866 2612 «Haupt's
1901 2560 2018 2600 Zeit-

119 2635 304 2675 schrift»
356 2651 388 2684 1,
437 2640 668 2687 345—366
713 2638 797 2676 has
833 2637 1083 2677 Busbeckii
1132 2637 1578 2677 communicationes
1626 2637 1857 2676 tractavit.
1918 2637 2020 2677 Hoc

118 2712 219 2752 loco
252 2713 513 2752 adscribam
561 2714 934 2765 comparationes
980 2714 1065 2753 viri
1110 2714 1394 2754 doctissimi:
1429 2714 1633 2753 [suanam
1667 2713 1874 2754 -fortasse
1919 2728 2020 2754 cum

118 2795 213 2841 got.
243 2789 457 2842 gananlm
489 2788 722 2845 ἁντάρκεια
756 2790 876 2830 idem
911 2797 1006 2837 est;

259 2936 328 2985 sel,
365 2935 511 2974 seltsclz
544 2962 581 2975 Σ
614 2943 708 2989 got.
744 2936 865 2976 lml'lz'
909 2937 1104 2985 «salus»,
1150 2937 1269 2977 lmsls
1307 2952 1521 2983 «sanus»;

261 3013 323 3052 iel
365 3012 500 3052 abur!
528 3039 564 3052 Σ
598 3013 799 3065 gotsta‘l'l
827 3013 1042 3053 T'azirflmz'
1071 3013 1114 3067 (i.
1149 3028 1194 3067 g.
1231 3028 1374 3067 germ.
1410 3015 1504 3054 hes!
1533 3014 1698 3066 wzirdc)
1722 3030 1731 3057 ,-

257 3088 409 3128 sdmos
448 3089 644 3129 fortasse
690 3097 785 3143 got.
832 3093 956 3136 sves,-

258 3164 409 3205 baar:
435 3172 530 3218 got.
565 3165 672 3205 barn
695 3181 707 3212 ;

257 3241 328 3281 ael
349 3267 387 3281 Ξ
421 3249 516 3295 got.
551 3241 703 3281 lzallus
740 3249 945 3295 «petra»;

257 3341 353 3359 CODEx
374 3342 549 3361 CUMANJCUS.
1840 3326 1877 3356 Ῑή
