2187 3652
1140 110 1185 136 IV

215 226 392 280 SantO,
435 232 485 269 et
525 224 552 268 a
592 222 838 268 memoria
878 222 928 267 di
969 238 1081 267 esso
1124 223 1449 278 FRANCEsco,
1493 231 1541 268 et
1596 239 1686 284 per
1737 224 2109 281 consolazione,

215 323 263 359 et
304 311 575 358 commodo
616 318 864 372 perpetuo
905 310 1038 371 degli
1080 310 1358 371 ingegnosi,
1396 319 1445 356 et
1474 311 1628 357 nobili
1663 311 1712 357 di
1742 319 1924 373 questa
1953 311 2109 365 Citta,

213 401 305 447 che
348 401 387 445 si
429 400 770 445 diletteranno
812 398 860 443 di
903 414 1018 444 cose
1072 397 1192 443 tali»
1248 403 1374 443 etc.1
1427 398 1741 445 TOMAerus
1790 399 1839 444 in
1886 399 2111 460 pretioso

215 506 307 534 suo
372 488 498 533 libro
568 488 918 532 «PETRARCHA
987 485 1295 531 Redivivus»
1367 487 1429 532 de
1502 487 1716 533 diversis
1786 487 2113 534 bibliothecis

216 578 549 622 PETRARCHAE
591 583 641 620 et
670 575 733 620 de
775 574 914 618 libris
957 574 1019 619 ab
1049 590 1108 618 eo
1137 574 1494 620 serenissimae
1533 575 1845 636 reipublicae
1885 576 2115 622 Venetae

214 666 347 711 dono
390 663 576 709 oblatis
616 663 871 724 quaedam
913 662 1191 708 memoriae
1232 661 1472 723 prodidit,
1516 679 1648 724 quae
1689 662 1842 723 digna
1882 670 2016 718 sunt,
2061 670 2113 708 ut

213 754 293 799 hic
334 759 712 814 repeterentur:
758 750 957 795 «Huius
999 766 1117 795 vero
1172 750 1395 795 muneris
1448 751 1749 796 memoriam
1802 750 2010 811 publico
2063 750 2113 796 in

213 841 339 887 aede
382 841 433 887 S.
478 839 748 901 Sepulchri
790 846 1123 885 monumento
1164 838 1453 884 conservari
1494 837 1690 899 placuit
1716 838 1963 885 Venetiis,
1997 839 2113 884 Plu-

213 947 291 976 res
330 937 503 975 autem
546 929 904 974 PETRARGHAM
948 927 1188 972 habuisse
1230 926 1569 972 bibliothecas
1609 943 1669 972 ex
1708 927 1867 988 ipsius
1909 927 2115 988 Episto-

212 1019 271 1063 lis
312 1023 495 1063 665131.
543 1016 795 1061 Nimirum
839 1015 886 1060 in
929 1015 1074 1060 Valle
1116 1015 1292 1060 clausa
1333 1031 1503 1071 unam,
1554 1031 1708 1076 quam
1762 1013 1895 1060 filius
1947 1023 2114 1061 custo-

214 1107 290 1152 dis
339 1106 537 1161 domus,
598 1105 717 1150 dum
771 1105 819 1149 in
872 1104 1070 1150 Vallem
1124 1103 1347 1149 latrones
1394 1103 1657 1159 irruerent,
1713 1104 2015 1148 translatam
2066 1102 2116 1148 in

213 1197 397 1240 Arcem
439 1194 503 1239 ab
544 1193 815 1254 impiorum
864 1191 1028 1238 furore
1081 1192 1331 1238 liberavit.
1393 1193 1619 1237 Alteram
1676 1193 1908 1247 Parmae,
1963 1208 2117 1253 quam

214 1284 305 1329 sub
338 1282 505 1329 Italici
536 1281 776 1327 Parnassi
806 1281 1009 1326 nomine
1040 1280 1394 1326 concelebrat:
1424 1280 1629 1326 tertiam
1658 1281 1909 1336 Veronae,
1940 1280 1988 1325 in
2019 1296 2119 1342 qua

213 1371 306 1416 sub
347 1371 428 1416 die
468 1387 581 1416 xxv.
617 1369 844 1434 Januarii
874 1371 1022 1415 Anno
1051 1369 1374 1431 pestilentiae
1405 1369 1724 1415 memorabili
1752 1376 2117 1415 terraemotum

213 1459 511 1522 praesensit.
556 1460 667 1504 Nec
709 1457 985 1520 Arquadae
1028 1458 1076 1503 in
1119 1457 1350 1504 Collibus
1391 1457 1698 1503 suburbanis
1737 1457 1832 1503 hac
1869 1457 2117 1519 supellec-

213 1549 299 1594 tile
348 1547 742 1594 destituebatur.
811 1547 1077 1608 Epistolas
1143 1546 1432 1591 CICERONIS
1484 1545 1549 1591 ad
1602 1547 1848 1591 ATTICUM
1921 1545 2120 1591 calamo

212 1636 428 1698 scriptas
488 1637 511 1681 6
572 1634 885 1681 bibliotheca
940 1635 1275 1680 PETRARCHAE
1333 1634 1470 1695 apud
1532 1635 1757 1680 PETRUM
1812 1635 2118 1681 VICTORIUM

213 1725 432 1786 ingentis
485 1723 748 1769 doctrinae
800 1723 962 1769 virum
1015 1723 1248 1768 dilaudat
1301 1723 1662 1769 SEssAsrrANus
1715 1723 2001 1769 CORRADUS
2071 1721 2119 1767 in

214 1813 535 1859 praefatione
578 1811 903 1859 Scholiorum
944 1811 1007 1857 ad
1053 1812 1346 1857 Lectorem.
1390 1812 1469 1856 Ex
1515 1811 1701 1873 quibus
1753 1811 1991 1857 omnibus
2042 1827 2118 1857 se-

212 1902 447 1948 lectiores
490 1901 825 1962 Reipublicae
867 1900 1240 1947 Serenissimae
1282 1899 1500 1946 donasse
1526 1899 1631 1961 jam
1663 1900 1802 1946 senio
1831 1899 2120 1946 confectum

212 1990 454 2036 credibile
514 1998 606 2036 est.
669 1990 999 2051 Quamquam
1054 1997 1103 2035 et
1156 1989 1290 2035 bona
1342 1989 1588 2035 rariorum
1642 2006 1760 2050 pars
1819 1988 1918 2035 alio
1970 1988 2121 2035 fuerit

211 2080 474 2135 distracta,
529 2079 553 2124 e
606 2078 791 2140 quibus
842 2079 1063 2124 Aetnam
1118 2078 1429 2124 CLAUDIAM)
1482 2078 1761 2140 ascriptam
1821 2095 1874 2124 se
1932 2078 2120 2125 vidisse

211 2167 399 2213 fatetur
441 2168 630 2213 LrLius
662 2167 947 2213 GYRALDUS
977 2166 1039 2212 de
1072 2166 1275 2212 Latinis
1318 2167 1492 2212 Poetis
1534 2167 1738 2228 dialogo
1780 2183 1846 2212 iv.
1893 2167 2002 2212 Nec
2044 2174 2118 2212 ta-

211 2272 325 2301 men
367 2255 399 2300 ii
441 2255 662 2302 Codices
705 2255 754 2300 in
798 2255 1181 2301 Bibliothecam
1224 2255 1288 2300 D.
1336 2256 1512 2300 lelARcr
1553 2255 1780 2316 repositi,
1825 2254 1915 2301 sed
1956 2254 2005 2300 in
2035 2271 2118 2316 pe-

210 2344 450 2390 culiarem
492 2345 659 2390 locum
712 2343 909 2390 11351311
965 2344 1014 2390 111
1067 2360 1244 2390 sacrae
1297 2343 1455 2390 Aedis
1495 2343 1714 2406 fastigio,
1771 2343 1908 2406 apud
1961 2360 2122 2405 equos

211 2449 399 2478 aeneos
440 2433 673 2478 Plateam
713 2449 907 2490 versus,
950 2432 1037 2478 ubi
1078 2432 1463 2478 commissariae
1512 2432 1585 2493 (ut
1625 2433 1918 2494 loquuntur)
1964 2432 2120 2494 scrip-

212 2529 354 2566 turae
397 2522 792 2566 Procuratorum
836 2521 900 2566 D.
947 2522 1122 2567 MARcr
1164 2527 1507 2578 asservantur,
1564 2521 1720 2582 prope
1777 2521 1959 2566 cellam
2019 2520 2120 2566 Ab·

213 2610 347 2655 batis
386 2610 657 2673 JoixCHIMI.
718 2609 870 2655 Unde
913 2626 992 2656 me
1034 2609 1083 2655 in
1124 2627 1212 2656 eos
1253 2609 1542 2671 inquirente
1598 2608 1860 2654 Illustriss.
1914 2608 2021 2655 Viri
2072 2617 2122 2654 et

214 2698 275 2743 de
317 2714 367 2743 re
409 2697 657 2743 litteraria
697 2697 826 2743 bene
868 2697 1034 2743 meriti
1078 2698 1142 2743 D.
1188 2699 1488 2743 BENEDICTI
1532 2697 1762 2743 CAPELLI
1794 2696 2121 2743 Serenissimi

218 2786 498 2832 FRANCISCI
541 2787 730 2831 Effizzr
773 2786 935 2831 Ducis
975 2803 1036 2832 ex
1076 2803 1245 2832 sorore
1287 2786 1489 2847 nepotis
1530 2785 1736 2842 indicio,
1780 2801 1870 2846 pro
1923 2801 2123 2830 summa

216 2873 374 2934 ipsius
414 2874 679 2935 vigilantia
720 2875 768 2919 111
809 2875 975 2920 11166111
1017 2874 1271 2936 producti,
1315 2874 1469 2936 inque
1510 2873 1740 2919 ordinem
1782 2881 1836 2918 ut
1877 2873 2019 2919 licuit
2046 2889 2120 2918 re-

217 2962 370 3018 dacti,
431 2962 755 3023 providentia
817 2962 1286 3008 Illustrissimorum
1346 2963 1654 3009 Senatorum
1709 2978 1767 3007 ac
1823 2961 1886 3007 D.
1945 2962 2121 3007 MARcr

220 3050 613 3096 Procuratorum
656 3051 937 3097 FRANciscr
988 3052 1331 3107 MAUROCENI,
1389 3051 1672 3096 FRANcrscl
1726 3050 1931 3095 Momm
1984 3048 2120 3094 The-

364 3250 372 3265 ¹
399 3246 442 3279 V.
472 3246 704 3280 SANSOVINI
734 3248 797 3281 lib.
831 3248 898 3281 «(16
926 3249 1038 3282 rebus
1066 3249 1258 3282 Venetis».
