2187 3652
242 474 441 520 XVIII.

301 650 444 696 XIX.

336 827 449 872 XX.

300 916 443 961 XXI.

276 1093 448 1138 XXII.

244 1447 447 1493 XXIII.

250 1536 443 1583 XXIV.

277 1626 441 1672 XXV.

253 1803 446 1851 XXVI.

229 2069 452 2116 XXVII.

194 2158 446 2205 XXVIII.

254 2335 448 2381 XXIX.

284 2425 449 2470 XXX.

255 2513 450 2559 XXXI.

222 2602 448 2648 XXXII.

186 2691 440 2737 XXXIII.

195 2780 439 2827 XXXIV.

220 2869 435 2916 XXXV.

198 2958 441 3004 XXXVI.

162 3047 436 3093 XXXVII.

1036 182 1201 208 CXXXIV

496 313 521 342 e
564 296 766 357 scriptis
808 297 859 343 S.
892 298 1210 352 Amgunm,
1242 298 1508 343 AMBRosir
1537 306 1586 342 et
1617 297 1832 343 aliorum
1862 298 1924 344 de
1952 315 2070 345 con-

494 384 714 430 fessione
756 392 1086 445 peccatorum
1127 391 1178 430 et
1206 385 1523 445 poenitentia
1552 386 1775 433 citantur
1803 403 1915 448 pag.
1958 402 2070 448 125.

491 489 532 519 1.
579 473 947 519 Meditationes
988 472 1051 518 de
1092 472 1330 533 passione
1375 473 1504 536 JEsu
1549 474 1774 520 CHRISTI
1817 490 1862 522 2.
1905 475 2070 521 oratio

492 561 752 608 dominica
792 576 906 622 pag.
956 562 1069 607 126.

490 649 832 696 Adumbratio
890 649 1258 711 grammaticae
1314 649 1517 712 linguae
1566 651 1866 697 cumanicae
1913 651 2070 697 latine

491 755 605 800 pag.
655 752 767 799 127.
817 739 929 785 128.

495 826 805 888 Paradigma
842 826 982 872 verbi
1032 827 1286 874 cumanici
1327 826 1591 889 anglcznmk
1630 843 1743 888 pag.
1794 842 1906 887 129.
1957 843 2068 886 130.

488 914 890 962 Vocabularium
955 915 1471 962 cumanico—latinum
1537 915 1584 961 in
1636 915 1765 961 duas
1805 916 2071 963 columnas

491 1003 737 1065 partitum
778 1020 892 1065 pag.
942 1018 1054 1062 131.

498 1108 539 1138 1.
585 1092 879 1154 Decalogus
922 1108 966 1140 2.
999 1092 1318 1138 enumeratio
1347 1100 1544 1153 septem
1577 1100 1906 1153 peccatorum
1935 1093 2071 1154 capi-

489 1180 669 1227 talium
711 1180 978 1227 cumanice
1020 1189 1069 1227 et
1098 1181 1253 1226 latine
1284 1196 1330 1239 3.
1362 1181 1410 1226 in
1441 1180 1679 1227 columna
1709 1181 1887 1227 dextra
1916 1198 2071 1243 quae-

490 1269 608 1316 dam
651 1269 904 1316 dictiones
944 1277 995 1316 et
1034 1269 1285 1317 vocabula
1313 1268 1583 1316 cumanica
1612 1286 1727 1316 cum
1769 1269 2070 1331 interpreta-

491 1358 629 1404 tione
671 1358 830 1405 latina
870 1375 984 1421 pag.
1033 1374 1145 1418 132.

494 1446 694 1494 Aleluia
734 1463 848 1509 pag.
897 1463 1011 1507 133.

487 1552 602 1598 pag.
651 1551 762 1596 134.
813 1551 906 1597 135
951 1536 1198 1598 inscripta
1238 1544 1372 1582 sunt.

490 1640 531 1671 1.
584 1626 690 1671 Ave
742 1625 860 1671 iehu
913 1642 1008 1687 xpe
1062 1624 1482 1672 benedictissime
1523 1631 1723 1671 creator
1761 1632 1810 1670 et
1849 1624 2073 1669 salvator

498 1713 610 1776 (bis)
642 1730 686 1761 2.
712 1714 970 1777 quaedam
1000 1714 1200 1760 litterae
1229 1714 1347 1760 huic
1377 1713 1539 1760 codici
1570 1713 1805 1774 propriae
1821 1729 1935 1774 pag.
1960 1714 2072 1772 136.

491 1802 858 1860 Salutationes‚
914 1803 1171 1849 orationes
1224 1810 1274 1849 et
1326 1802 1557 1865 eulogiae
1598 1802 1661 1848 ad
1703 1801 1895 1848 cultum
1941 1802 2071 1865 JEsu

493 1891 718 1938 CHRISTI
752 1899 802 1937 et
830 1898 1042 1938 sanctae
1071 1890 1294 1952 Virginis
1324 1890 1641 1952 pertinentes
1671 1907 1784 1952 pag.
1811 1904 1924 1951 137.
1960 1891 2071 1949 138.

497 1995 609 2040 139.
659 1995 772 2040 140.
821 1995 934 2040 141.
984 1995 1096 2040 142.
1146 1995 1257 2040 143.
1307 1996 1419 2040 144,
1470 1994 1582 2040 145.
1632 1981 1744 2039 146.
1793 1991 1906 2040 147.

496 2068 766 2116 Confessio
806 2067 925 2114 fidei
966 2084 1080 2129 pag.
1130 2069 1243 2127 148.

493 2159 733 2219 Hymnus
774 2157 836 2203 de
865 2157 1103 2219 passione
1131 2158 1259 2221 JEsU
1291 2157 1516 2203 CHRISTI
1546 2174 1662 2204 cum
1692 2156 1832 2218 siglis
1861 2155 2072 2203 musicis

497 2263 611 2309 Pag-
660 2261 773 2306 149·

496 2337 734 2398 Hymnus
774 2336 903 2382 alter
942 2335 1004 2382 de
1046 2335 1285 2397 passione
1332 2352 1446 2397 pag.
1495 2350 1607 2396 150.

497 2426 736 2486 Hymnus
781 2442 840 2471 «a
882 2425 1018 2472 Solis
1059 2432 1229 2470 ortus»
1276 2440 1389 2485 pag.
1439 2438 1551 2485 151.

495 2513 766 2574 Quaedam
807 2514 1060 2561 vocabula
1100 2513 1261 2560 latina
1302 2529 1414 2575 pag.
1461 2527 1574 2573 152.

493 2603 616 2664 Pag.
665 2616 778 2663 153.
827 2616 939 2663 154.
989 2616 1101 2663 155.
1146 2601 1423 2663 inscriptae
1464 2608 1598 2647 sunt.

483 2691 877 2753 Autographum
919 2692 1150 2737 ANTONH
1192 2690 1255 2737 de
1298 2691 1503 2737 FINALE
1543 2706 1656 2751 pag.
1704 2690 1817 2747 156.

483 2779 753 2827 Vocabula
793 2779 1049 2842 quaedam
1092 2778 1361 2825 cumanica
1401 2786 1451 2824 et
1491 2777 1651 2824 latina
1691 2792 1805 2838 pag.
1854 2788 1971 2835 157.

480 2884 593 2931 pag.
642 2870 737 2929 158
779 2868 1025 2929 inscripta
1065 2875 1158 2913 est.

486 2957 683 3004 Textus
725 2958 787 3004 de
829 2956 1180 3004 incarnatione
1219 2956 1348 3020 Jsssu
1392 2955 1615 3001 CHRISTI
1659 2968 1772 3014 pag.
1817 2965 1928 3012 159.

480 3046 880 3093 Vocabularium
936 3043 1448 3092 cumanico-latinum
1489 3050 1539 3089 et
1579 3040 2070 3102 cumanico-germa-

482 3134 652 3182 nicum
694 3151 808 3196 pag.
857 3136 970 3180 160.
1020 3136 1132 3180 161.
1171 3135 1283 3179 162.
1321 3134 1433 3190 163.
1470 3133 1583 3190 164.
1621 3130 1671 3176 111
1712 3129 1840 3175 duas
1880 3129 2070 3175 colum-

483 3239 576 3269 nas
615 3223 880 3285 partitum.
