2187 3652
200 1507 292 1549 pag.

259 230 357 263 doch
385 229 433 262 ob
461 228 587 261 dieses
615 227 672 259 als
712 225 932 270 unbandige
960 225 1103 258 Noma-

259 301 332 333 den
360 298 617 343 geschilderte
656 296 755 329 Volk
789 295 907 328 durch
934 295 995 328 die
1023 296 1103 328 eth-

259 371 416 404 nischen
454 368 821 412 Umgestaltungen‚
863 367 1005 399 welche
1044 366 1105 399 die

260 440 527 483 Islamisirung
548 438 832 472 Centralasiens
860 438 1103 481 hervorgeru-

258 513 332 551 fen,
362 512 398 544 in
426 511 487 544 die
514 510 701 543 nachsten
731 508 1016 552 Sandregionen
1039 507 1107 540 des

260 583 478 616 nbrdlichen
524 581 632 614 Irans
671 580 973 623 eingedmngen,
1015 577 1107 610 oder

259 655 306 687 ob
334 666 373 687 es
413 653 585 686 daselbst
627 651 742 684 schon
784 651 818 683 in
848 651 915 682 der
950 649 1105 682 vorisla-

261 725 431 757 mischen
476 723 632 756 Periode
673 721 851 762 ansfissig
883 731 970 757 war,
1011 720 1106 752 liisst

922 791 977 835 (Z.
1000 790 1037 823 d.
1058 790 1104 822 D.

911 862 981 900 ΙΙΙ,
1018 872 1108 905 pag.

261 797 341 829 sich
371 796 474 828 nicht
504 795 629 827 sicher
647 793 876 827 bestimmen

261 867 314 899 M.
345 866 392 899 G.
421 872 510 899 tom.
539 865 731 901 XXXIII.

259 940 341 982 3137,
371 938 444 970 vid.
473 937 588 969 etiam
618 936 768 979 Nyelxt.
794 934 884 967 Koz.
906 938 997 966 tom.
1020 931 1106 968 XV,

770 864 866 896 fasc.

261 1010 355 1042 fasc.
388 1010 416 1047 I,
445 1020 537 1052 pag.
568 1008 617 1052 2).
662 1007 861 1039 Dialectus
898 1004 1108 1037 'Ilirkoma-

261 1091 404 1119 norum,
427 1080 479 1112 uti
500 1080 534 1112 in
555 1079 706 1111 dissert.
729 1078 792 1110 cit.
822 1077 869 1109 cl.
893 1070 1110 1108 VSMHETRY

262 1152 472 1185 luculenter
499 1149 787 1185 demonstravit,
814 1158 995 1191 magnam
1025 1156 1110 1179 cuin

262 1223 428 1256 dialecto
449 1220 689 1265 Selgukiensi
711 1218 998 1252 similitudinem
1019 1228 1111 1261 prae

263 1306 302 1327 se
330 1295 412 1333 fert,
443 1293 669 1336 originalem
702 1297 831 1324 tamen
871 1290 984 1333 hujus
1029 1289 1110 1322 dia-

262 1365 349 1398 lecti
378 1364 542 1397 indolem
565 1362 791 1396 cumanicae
812 1361 972 1393 similem
993 1360 1110 1393 fuisse

263 1437 310 1469 ob
338 1447 478 1468 causas
506 1435 647 1467 allatas
676 1433 765 1466 mihi
794 1443 1015 1476 persvasum
1038 1436 1107 1464 est.

340 1514 455 1543 LXIV,
501 1506 565 1539 lin.
608 1504 662 1538 18.
688 1510 774 1548 post
815 1503 948 1536 «dicit»
982 1503 1107 1536 adde:

264 1579 507 1611 AMIxJII-xxt‘s
533 1577 856 1609 MARCELLINL‘S
885 1575 980 1619 (nat.
1010 1585 1111 1607 anno

264 1660 333 1693 330
360 1655 443 1693 post
473 1648 556 1693 Ch.)
585 1649 678 1681 libro
705 1647 841 1681 XXXI
870 1646 1111 1680 historiarum

269 1722 528 1755 «Chunorum»
573 1720 802 1754 mentionem
842 1718 971 1762 injecit
1009 1718 1110 1762 (cap.

265 1793 392 1838 VIII),
422 1793 471 1826 ad
499 1793 570 1825 hoc
598 1803 734 1825 nomen
763 1791 828 1837 JO.
850 1791 960 1823 Are.
984 1789 1112 1822 WAG-

267 1873 355 1898 NER
384 1865 419 1897 in
442 1863 716 1897 commentario
744 1861 967 1895 annotavit:
1001 1861 1114 1893 «nihil

672 1935 791 1968 libri.»

269 2007 397 2040 MELA
426 2006 760 2051 (chorographiam
803 2004 1001 2038 CLAL'DIO
1029 2014 1113 2047 reg-

266 1935 415 1969 variant
470 1940 616 1969 veteres
856 1933 1113 1967 pomposius

267 2084 383 2112 nante
411 2078 522 2111 annis
549 2088 688 2123 41—54
714 2082 801 2121 post
840 2077 908 2110 Ch.
949 2075 1116 2119 scripsit)

267 2150 330 2183 lib.
360 2151 388 2189 I,
418 2160 504 2193 cap.
534 2150 646 2188 XIII,
676 2149 729 2182 ita
756 2148 873 2182 dicit:
916 2147 1116 2180 «interiora

268 2227 449 2254 terrarum
478 2221 622 2254 multae
649 2220 854 2263 variaeque
881 2224 1020 2265 gentes
1047 2218 1114 2251 ha-

268 2293 405 2331 bitant,
435 2291 620 2331 Gandari,
652 2291 817 2331 Pariani,
849 2290 989 2329 Bactri,
1021 2289 1114 2323 Sub-

270 2364 380 2403 siani,
396 2363 751 2406 Pharmacotrophi,
770 2362 997 2401 Chomarae,
1021 2361 1115 2395 Cho-

269 2436 424 2476 amans,
456 2436 650 2479 Ropanes,
700 2434 836 2467 Dahae
877 2444 989 2477 super
1028 2432 1116 2476 Scy-

268 2508 356 2540 thas
377 2506 677 2551 Scytharumque
707 2506 880 2539 deserta»
903 2510 976 2538 etc.
1014 2504 1117 2537 Non-

271 2579 360 2611 nulli
412 2590 499 2611 'vero
550 2578 704 2611 codices
768 2578 851 2610 loco
903 2575 1118 2609 Choamani

275 2650 477 2684 «Comani»
508 2650 664 2689 habent,
687 2649 741 2682 sic
762 2649 847 2682 cod.
872 2648 991 2681 Paris.
1014 2658 1117 2680 num.

272 2722 377 2765 4832,
419 2722 493 2754 duo
532 2720 729 2760 Vaticani,
777 2720 859 2754 cod.
911 2718 1119 2763 Pragensis

272 2793 344 2826 litt.
374 2793 402 2825 P
429 2792 666 2836 designatus.
695 2791 880 2824 Parianos
908 2801 992 2823 cum
1031 2789 1120 2823 Par-

273 2863 331 2897 nis
350 2864 408 2897 vel
429 2863 596 2907 Aparnis
616 2863 722 2906 apud
742 2862 1004 2895 Ptolemaeum
1031 2871 1119 2894 ean-

274 2935 360 2968 dem
389 2935 608 2977 significare
635 2939 790 2978 gentem
830 2944 992 2977 eamque
1019 2933 1120 2966 Ava-

274 3017 397 3039 rorum
442 3017 527 3039 esse
571 3011 713 3039 certum
759 3010 829 3038 est.
878 3005 1122 3037 AMMIANUS

278 3077 600 3110 MARCELLINUS
639 3077 661 3110 l.
697 3075 871 3120 sequenti
920 3074 1121 3107 Chionitas

278 3148 388 3180 simul
409 3159 493 3181 cum
517 3147 678 3180 Euscnis
700 3151 884 3179 memorat
903 3158 909 3178 :
935 3146 1120 3178 «Tamsa-

272 3222 350 3262 βων
378 3219 486 3251 refert
513 3219 563 3251 ad
591 3229 734 3260 regem,
773 3217 874 3261 quod
902 3216 1122 3250 CONSTAN-

1107 106 1174 150 386

1250 231 1378 257 TINUS
1416 234 1552 268 pacem
1607 224 1777 268 postulat
1826 223 2091 268 precativam;

1249 295 1416 338 dumque
1447 295 1497 327 ad
1529 294 1730 329 Chionitas
1749 299 1785 327 et
1808 294 1980 327 Eusenos
1997 293 2094 326 haec

1250 365 1393 409 scripta
1421 365 1632 405 mittuntur,
1669 365 1705 398 in
1733 376 1892 409 quorum
1921 363 2096 398 confiniis

1249 436 1393 480 agebat
1420 436 1583 469 hiemem
1613 435 1767 474 SAPOR‚
1804 441 1954 478 tempus
1981 434 2095 468 inter-

1250 506 1345 539 stitit
1372 507 1550 551 longum»
1596 506 1719 550 (XVI,
1750 517 1782 550 9,
1811 505 1862 551 4).
1905 504 1959 540 Cl.
1997 505 2098 539 KIE-

1252 585 1361 610 PERT
1406 577 1578 610 Eusenos
1623 577 1707 610 illos
1751 588 1836 610 cum
1883 576 2025 610 U-sifin
2069 587 2098 610 s,
2139 617 2141 619 ι

1253 649 1380 682 U-sun
1421 649 1647 692 scriptorum
1686 648 1895 682 sinensium
1936 648 2097 682 eandem

1251 733 1337 755 esse
1365 726 1519 765 gentem
1548 721 1685 753 asserit
1714 720 1775 763 (cf.
1816 720 1931 753 etiarn
1960 730 2098 753 nomen

1254 792 1394 830 Ho-su,
1424 792 1470 824 (le
1490 802 1563 835 quo
1582 792 1696 834 paulo
1717 791 1810 823 infra
1839 790 1980 824 mentio
1999 790 2098 835 erit),

1253 863 1353 907 quod
1382 874 1521 895 nomen
1549 873 1641 895 sane
1669 873 1755 895 cum
1793 863 1958 895 Uzorum
1999 861 2099 895 idern

1253 939 1322 967 est.
1350 934 1464 977 Apud
1492 933 1674 966 Kazakos
1701 932 1814 977 hujus
1848 932 2012 966 nominis
2038 940 2100 966 ve-

1255 1005 1411 1049 stigium
1441 1005 1567 1037 adhuc
1594 1005 1712 1049 viget,
1742 1015 1817 1037 una
1844 1004 1943 1037 enim
1972 1014 2101 1037 eorum

1254 1076 1374 1109 tribus
1403 1087 1524 1120 eaque
1554 1075 1675 1119 major
1704 1066 1850 1109 Ueisfin
1875 1075 2103 1109 nominatur.

1254 1149 1498 1181 AMMIANUS
1526 1146 1849 1179 MARCELLINUS
1876 1146 1913 1179 in
1942 1156 2101 1190 sequen-

1255 1219 1357 1252 tibus
1385 1218 1477 1252 dicit
1507 1209 1714 1251 summu
1737 1217 1787 1250 Π.
1809 1228 1894 1250 eum
1916 1216 2104 1250 Chionitis

1257 1289 1390 1322 foedus
1418 1288 1556 1322 fecisse
1584 1299 1724 1332 eosque
1752 1288 1789 1321 in
1816 1287 2104 1333 oppugnatione

1257 1360 1360 1393 urbis
1399 1360 1566 1393 Amidae
1603 1359 1783 1405 egregios
1822 1359 2005 1393 habuisse
2044 1370 2104 1393 so—

1257 1431 1362 1464 cios:
1408 1442 1490 1464 «rex
1530 1442 1614 1464 cum
1645 1430 1833 1464 Chionitis
1872 1435 1910 1464 et
1945 1429 2104 1464 Gelanis

1260 1502 1404 1540 (Pmale
1432 1502 1611 1546 ssriptum
1638 1513 1705 1546 pro
1734 1502 1911 1546 Eusenis)
1938 1502 2105 1536 omnium

1258 1574 1454 1608 acerrimis
1481 1574 1731 1608 bellatoribus
1757 1574 1917 1620 pignore
1945 1574 2019 1607 icto
2047 1585 2107 1607 so-

1259 1646 1412 1679 cietatis
1434 1646 1622 1679 rediturus
1642 1646 1691 1679 ad
1713 1657 1795 1685 sua,
1825 1642 2106 1679 TAMsAPORIS

1259 1717 1402 1761 scripta
1422 1718 1603 1762 suscepit,
1622 1728 1755 1761 pacem
1774 1717 1990 1750 Romanurn
2006 1717 2107 1761 prin-

1258 1789 1380 1834 cipem
1409 1789 1621 1822 nuntiantis
1648 1800 1806 1833 poscere
1849 1788 2105 1832 precativam»

1261 1860 1404 1904 (XVII.
1433 1870 1466 1904 5,
1500 1860 1546 1905 Ι),
1576 1881 1622 1885 ——
1651 1859 1812 1894 «Persae
1851 1869 1986 1893 omnes
2027 1870 2107 1892 mu-

1260 1944 1383 1966 rorum
1404 1932 1572 1965 ambitus
1592 1931 1822 1966 obsidebant
1841 1943 1848 1971 ;
1878 1942 1981 1975 pars,
2011 1935 2110 1974 quae

1261 2004 1442 2038 orientem
1473 2003 1689 2048 spectabat,
1739 2002 1927 2036 Chionitis
1955 2001 2107 2042 evenit;

1262 2103 1468 2110 ........
1499 2075 1712 2108 meridiano
1739 2074 1849 2108 lateri
1879 2078 1966 2107 sunt
1993 2072 2110 2107 desti-

1261 2148 1367 2187 nati;
1397 2153 1562 2181 tractum
1592 2147 1799 2180 servabant
1840 2144 2110 2190 septentrionis

1262 2219 1402 2252 Albani
1423 2231 1429 2258 3

1263 2295 1350 2323 sunt
1379 2289 1596 2333 Segestani,
1627 2288 1801 2322 acerrimi
1838 2287 2005 2321 omniurn
2032 2286 2111 2320 bel-

1485 2218 1718 2251 occidentali
1770 2222 1903 2261 portae
1947 2215 2111 2261 oppositi

1262 2363 1423 2396 latores»
1456 2361 1581 2405 (XIX,
1614 2370 1644 2399 2,
1673 2360 1724 2404 3).
1755 2358 1809 2393 Cl.
1838 2359 2114 2392 TOMASCHEK

1261 2434 1356 2467 libro
1403 2431 1792 2466 «Centralasiatische
1833 2430 2012 2464 Studien»
2058 2429 2112 2462 in-

1265 2505 1406 2549 scripto
1458 2505 1504 2537 de
1548 2503 1700 2537 nomine
1751 2501 2015 2535 Chionitarum
2061 2501 2115 2534 ita

1498 2575 1623 2608 «Dass
1675 2574 1736 2607 die
1782 2573 1984 2607 Chionitae
2026 2571 2114 2606 kein

1266 2647 1430 2681 anderes
1473 2646 1573 2680 Volk
1619 2645 1704 2679 sind
1747 2645 1804 2678 als
1848 2644 1910 2678 die
1948 2643 2112 2683 Chunni‚

1266 2716 1381 2751 03ww.
2049 2714 2112 2748 die

1267 2789 1395 2822 Χεουννὶ
1410 2789 1501 2822 oder
1511 2788 1623 2821 Χωνψί
1638 2786 1706 2820 des
1717 2787 2113 2825 THEOPHYLAKTos,

1266 2860 1327 2893 die
1368 2859 1519 2914 Hsma.
1640 2886 1647 2892 .
1687 2858 1754 2892 der
1795 2857 2115 2894 Maha-bharata,

1268 2931 1344 2964 und
1371 2931 1432 2964 die
1462 2931 1665 2975 Hiong-nu
1705 2929 1798 2963 oder
1838 2928 2007 2973 Hifin-yo
2047 2928 2116 2962 der

1265 2575 1439 2620 scripsit:

1424 2718 1492 2751 der
1533 2716 1778 2750 klassischen
1820 2716 2004 2755 Antoren,

1269 3002 1464 3036 sinischen
1492 3002 1678 3040 Annalem
1701 3000 1790 3034 darf
1805 2999 1990 3033 ebenfalls
2009 2999 2115 3033 nicht

1267 3073 1478 3108 bezweifclt
1506 3073 1681 3113 werden;
1723 3083 1794 3106 aus
1834 3071 1906 3105 den
1934 3070 2116 3105 letzteren

1269 3145 1441 3178 erfahren
1462 3145 1539 3185 wir,
1561 3144 1654 3178 dass
1674 3144 1735 3177 die
1756 3142 1962 3177 Nordliche
1987 3141 2116 3175 Horde

1269 3216 1335 3249 der
1364 3215 1528 3248 Hunnen
1551 3215 1598 3248 im
1619 3214 1736 3260 Jaltre.
1755 3224 1800 3257 90
1821 3225 1854 3246 n.
1875 3212 1960 3246 Chr.
1979 3222 2112 3257 grosse
