2187 3652
973 133 1015 159 lx

43 246 316 293 laboravi.»
339 252 348 267 ¹
391 247 614 294 Maxime
645 249 914 294 interesset
943 248 1088 304 scire,
1113 264 1387 309 quemnam
1416 247 1597 293 viderit
1628 248 1946 295 LEIBNITIUS

41 335 344 395 catalogum,
400 342 567 381 utrum
622 336 826 382 brevem
881 336 1147 382 TOMASINI
1207 335 1633 396 conscriptionem
1697 336 1942 382 librorum

44 424 412 480 PETRARCHAE,
443 439 505 469 an
535 424 688 470 aliam
731 424 1034 470 uberiorem.
1082 423 1209 469 Mihi
1241 423 1335 468 hoc
1364 423 1599 469 ultimum
1630 424 1944 484 probabilius

40 511 256 568 videtur,
300 528 418 558 nam
462 513 780 559 LssissNJTms
829 512 1081 574 explicate
1139 511 1490 572 «catalogum»
1553 511 1772 573 scripsit.
1831 513 1944 558 Alio

37 601 172 646 loco²
210 608 535 662 portentosas
576 601 858 662 polyhistor
885 601 1106 647 addidit:
1145 600 1390 662 «Semper
1418 599 1539 645 mihi
1571 601 1794 661 suspicio
1823 600 1937 657 fuit,

38 706 187 750 posse
227 690 276 735 in
329 690 585 752 aliquibus
640 690 834 736 Daciae
887 690 1084 752 angulis
1137 690 1335 751 aliquas
1387 706 1653 750 superesse
1695 689 1939 750 reliquias

42 777 269 839 Lingvae
311 778 593 824 Cumanae.
638 780 775 825 Nam
818 779 1080 825 Cumanos
1131 778 1336 823 saeculo
1390 794 1501 823 XIII.
1561 778 1670 823 Rex
1726 778 1938 839 Hunga-

39 882 206 911 rorum
247 866 455 928 recepit,
498 866 976 929 habitationemque
1018 867 1077 912 iis
1118 866 1400 921 concessit;
1432 866 1524 911 etsi
1556 874 1752 927 postea,
1784 882 1939 927 quum

37 954 225 1000 bellum
268 954 595 1001 Tartaricum
637 956 908 1017 ingrueret,
952 973 1041 1017 pro
1082 955 1304 1001 maxima
1344 962 1489 1017 parte
1542 954 1727 1000 fuerint
1768 954 1938 999 deleti.

41 1043 261 1089 Cumani
286 1050 457 1089 autem
481 1043 683 1090 videtur
702 1061 754 1090 se
778 1061 831 1090 se
867 1044 931 1090 ab
964 1044 1275 1105 Hungaricis
1300 1043 1596 1090 Ditionibus
1626 1042 1688 1088 ad
1721 1043 1941 1088 Pontum

41 1131 298 1177 Euxinum
353 1131 688 1193 porrexisse.»
747 1132 877 1193 Spes
927 1133 1201 1177 LEIBNITII
1249 1131 1544 1178 dubitanter
1590 1147 1829 1195 expressa
1877 1147 1938 1176 LV

37 1219 182 1265 annis
210 1227 327 1281 post
356 1228 571 1266 mortem
602 1219 711 1282 ejus
741 1220 805 1266 ad
834 1220 1024 1266 exitum
1054 1220 1207 1266 venit.
1259 1221 1430 1281 Quum
1460 1219 1593 1265 enim
1623 1218 1809 1281 legatio
1839 1219 1939 1265 Cu-

37 1324 301 1353 manorum
327 1315 376 1354 et
405 1307 653 1370 Jazygum
691 1325 751 1353 ex
784 1307 1050 1368 Hungaria
1079 1306 1309 1352 Viennae
1345 1321 1517 1351 coram
1552 1305 1725 1367 regina
1763 1308 1940 1352 MARIA

37 1395 312 1442 THERESJA
343 1396 606 1452 adfuisset,
627 1397 851 1442 ADAMus
878 1396 1202 1450 KOLLARIUS,
1228 1393 1301 1438 vir
1328 1393 1376 1439 in
1401 1393 1585 1454 linguis
1608 1393 1940 1440 orientalibus

35 1493 284 1542 versatus,
304 1485 523 1531 invitans
548 1486 758 1546 legatos,
780 1484 917 1531 domi
941 1484 1004 1529 ab
1028 1501 1126 1529 uno
1149 1499 1340 1539 eorum,
1364 1482 1647 1528 STEPHANO
1664 1483 1936 1539 VARRONE,

34 1573 317 1620 orationem
346 1574 657 1620 dominicam
688 1574 736 1620 in
767 1574 938 1635 lingua
967 1571 1235 1619 cumanica
1266 1570 1476 1617 audivit.
1511 1571 1817 1617 KOLLARlus
1846 1571 1936 1617 lin-

33 1677 161 1722 guae
191 1663 415 1709 turcicae
439 1663 633 1724 peritus
660 1662 795 1708 illico
823 1661 1012 1707 idioma
1043 1659 1302 1715 orationis,
1334 1658 1560 1704 turcicae
1590 1659 1796 1720 originis
1826 1677 1937 1706 esse

33 1751 238 1811 agnovit
278 1759 327 1797 et
367 1752 430 1798 de
470 1752 565 1798 hac
620 1769 671 1798 re
726 1752 981 1807 OLAHUM,
1038 1749 1438 1795 THUNMANNUM
1498 1756 1547 1794 et
1601 1748 1727 1794 alios
1768 1756 1935 1794 certos

32 1837 166 1885 fecit.
210 1839 594 1886 THUNMANNUS
634 1840 682 1886 in
728 1839 902 1886 «Actis
943 1838 1205 1885 societatis
1243 1837 1673 1902 Jablonovianae»
1720 1837 1781 1883 de
1822 1837 1934 1883 reli-

32 1927 164 1989 quiis
203 1929 404 1990 linguae
445 1929 743 1975 cumanicae
785 1928 833 1973 in
877 1927 1143 1988 Hungaria
1183 1926 1452 1988 disputans
1493 1924 1772 1981 annotavit,
1823 1926 1934 1971 ulti-

32 2033 169 2062 mum
212 2017 412 2079 linguae
453 2017 753 2063 cumanicae
794 2033 1005 2078 gnarum
1048 2016 1095 2061 in
1141 2014 1407 2076 Hungaria
1441 2013 1659 2059 eundem
1702 2014 1934 2060 STEPHA-

31 2121 145 2151 NUM
186 2106 484 2152 VARRONEM
526 2105 696 2161 fuisse,
740 2123 769 2151 a
808 2123 908 2166 quo
953 2105 1257 2150 KoLLARrus
1297 2102 1579 2148 orationem
1621 2101 1933 2147 dominicam

31 2194 351 2240 cumanicam
421 2195 633 2252 audivit,
701 2194 1004 2255 addiditque
1072 2208 1356 2238 sermonem
1426 2189 1751 2236 cumanicum
1818 2207 1932 2235 cum

29 2290 191 2328 morte
233 2284 501 2330 VARRONIS
543 2283 839 2329 interiisse.3
879 2283 1061 2328 VARRO
1102 2288 1239 2326 certe
1283 2278 1565 2325 orationem
1619 2278 1931 2324 dominicam

28 2377 78 2415 et
118 2371 244 2416 alias
284 2388 487 2433 quoque
529 2387 706 2432 preces
747 2371 926 2416 breves
967 2368 1264 2415 cumanicas
1311 2366 1556 2412 memoria
1603 2366 1783 2423 tenuit,
1844 2366 1931 2412 sed

28 2444 77 2504 id
118 2460 253 2521 quod
296 2459 680 2506 THUNMANNUS
732 2459 873 2515 dixit,
928 2475 1043 2503 eum
1098 2458 1300 2518 linguae
1354 2455 1655 2501 cumanicae
1711 2454 1930 2516 peritum

27 2546 197 2603 fuisse,
241 2548 555 2609 argumentis
585 2546 873 2593 confirmari
905 2563 1003 2592 non
1034 2553 1220 2607 potest,
1264 2545 1421 2590 immo
1452 2543 1632 2604 peritia
1661 2543 1930 2589 VARRONIS

26 2634 73 2680 in
115 2636 283 2696 lingua
324 2636 592 2682 cumanica
620 2643 821 2697 praeter
860 2635 1143 2680 orationem
1186 2632 1496 2678 dominicam
1535 2631 1763 2689 angustis
1797 2631 1927 2676 salu-

26 2724 276 2771 tationum
308 2725 550 2770 cancellis
580 2724 970 2784 circumscripta
1000 2723 1152 2767 suisse
1181 2721 1398 2767 videtur.
1442 2721 1564 2765 Post
1596 2720 1927 2764 LEfflNiTIUM

22 2820 194 2858 noster
246 2814 517 2859 CORNLAES
570 2812 662 2857 fuit
716 2812 925 2873 primuS,
980 2810 1065 2871 qui
1118 2810 1348 2855 colicem
1399 2808 1725 2853 cumauicum
1786 2807 1920 2851 Mai·-

25 2900 202 2946 cianae
262 2902 309 2946 in
368 2901 666 2946 memoriam
729 2899 994 2944 doctorum
1056 2897 1255 2943 reduxit
1310 2913 1425 2942 eum
1485 2896 1533 2941 in
1592 2895 1925 2955 sequentibus

167 3073 176 3088 ¹
204 3070 492 3102 Go'rH‹›i‹·R1‹:1)1
521 3069 766 3102 GUll,1,1‹;LMl
799 3068 1031 3105 Llchl'l'lI,
1063 3068 1189 3109 Opera
1227 3065 1368 3099 omnia,
1390 3064 1582 3101 Comme,
1623 3061 1721 3106 1708.
1755 3067 1793 3105 40
1819 3062 1926 3094 Tum.

23 3133 89 3166 VI.
124 3134 215 3166 Pars
244 3143 274 3166 2.
309 3134 498 3177 Pag.188.

163 3202 175 3216 ²
203 3198 308 3230 lom.
339 3198 385 3230 V.
418 3198 510 3241 Pag.
543 3208 621 3240 224.

161 3266 174 3287 3
204 3262 367 3304 Lipsiae,
403 3271 499 3305 1774,
528 3267 619 3303 4-to.
651 3261 757 3293 lom.
792 3259 852 3292 IV.
884 3260 976 3302 l'ag.
1013 3259 1087 3291 188.
