2187 3652
1016 82 1155 108 XCVIII

275 193 442 239 Sonus
483 210 548 254 ng·
581 194 630 238 in
672 193 848 239 codice
878 195 1165 240 Venetiano
1204 195 1401 242 diverse
1442 197 1717 243 denotatur
1750 214 1791 244 Ι.
1822 207 1910 244 aut
1946 216 2036 260 per

135 281 333 335 sign-um
363 280 624 341 quoddam
654 282 851 327 litterae
875 306 903 340 μ
927 299 1228 343 graecorum
1258 283 1487 330 inversae
1518 285 1682 331 simile
1707 295 1793 332 aut
1823 303 1912 348 per
1938 287 2035 333 for-

135 385 269 414 mam
300 385 343 418 tc,
373 367 516 429 cujus
546 368 679 415 linea
708 370 916 415 ulterior
944 370 1135 416 inferne
1172 371 1381 432 paulum
1424 373 1728 434 prolungata
1768 383 1861 431 est,
1904 392 2036 436 quae

134 456 320 517 duplex
361 456 626 502 denotatio
666 458 968 519 saepissime
1011 468 1286 520 usurpatur
1329 476 1371 507 2.
1416 478 1506 522 per
1544 461 1769 508 litteram
1813 479 1857 519 n,
1900 480 1943 509 e.
1985 480 2032 525 g.

134 545 182 589 in
236 544 459 590 dictione
515 546 736 608 lamagz'n
788 546 986 608 bcslcgil
1040 568 1054 588 «
1071 547 1203 593 nutri
1256 557 1432 609 guttur
1472 558 1645 595 tuum»
1693 568 1783 612 pro
1823 556 2046 614 lczmgi'ng

133 632 331 694 licslc'gy'l
366 648 412 690 3.
445 649 533 694 per
561 650 636 695 ng,
669 634 739 680 sic
770 634 819 679 in
850 635 1158 681 salutatione
1188 637 1467 695 angellica:
1508 638 1771 701 setzz‘tzg‘be'le
1802 647 2033 685 «tecum»

134 738 180 780 4.
226 738 314 782 per
333 737 373 783 g·
395 721 575 777 solum,
620 739 662 767 e.
693 739 738 781 g.
780 722 992 785 cqglzzm'm
1029 723 1315 785 «intelligo»
1349 742 1439 786 pro
1466 726 1729 788 anglarim.
1775 728 2038 774 Interdum

135 826 164 853 n
205 809 354 855 finale
396 810 553 855 etiam
593 818 713 856 tunc
756 828 870 857 cum
912 813 1156 873 gutturali
1198 815 1583 875 pronunciatur,
1638 833 1795 878 quum
1837 817 1887 862 in
1928 817 2041 862 aliis

135 897 370 943 dialectis
410 897 537 944 haec
581 900 938 959 pronunciatio
979 901 1028 946 in
1071 919 1163 947 usu
1204 919 1303 948 non
1345 902 1426 959 sit,
1471 920 1514 949 e.
1546 920 1592 965 g.
1624 921 1719 967 ang
1767 904 2036 952 «dextera»

137 1002 226 1046 pro
266 1002 324 1030 cm
367 986 579 1032 aliarum
622 987 978 1046 dialectoruin,
1022 1019 1089 1023 —
1129 991 1265 1052 quod
1307 991 1371 1038 ad
1425 991 1640 1039 formam
1695 993 2038 1051 cumanicam,

137 1073 199 1119 cf.
244 1073 565 1131 kasgaricum
606 1092 710 1138 cmg.

280 1163 517 1225 Denique
559 1164 621 1210 (le
651 1182 903 1211 consonas
930 1165 960 1211 ll
990 1175 1040 1212 et
1067 1201 1113 1254 Ξ
1139 1167 1189 1213 id
1231 1176 1432 1214 tantum
1461 1169 1731 1227 admoneo,
1762 1187 2041 1216 consonam

135 1250 164 1295 ll
207 1251 255 1295 in
297 1252 524 1298 secunda
564 1254 758 1299 codicis
798 1264 942 1316 parte
984 1272 1074 1317 pro
1102 1255 1132 1300 lc
1172 1273 1270 1303 non
1317 1257 1481 1304 solum
1522 1259 1571 1304 in
1613 1257 1712 1304 fine
1751 1260 1908 1315 vocis,
1952 1259 2040 1305 sed

137 1342 290 1386 etiam
334 1341 381 1386 in
422 1340 531 1402 ipsa
574 1359 696 1388 voce
737 1360 1020 1400 occurrere,
1078 1363 1122 1391 e.
1162 1362 1208 1407 g.
1251 1345 1429 1391 cbllralc
1491 1347 1622 1409 (pag.
1673 1348 1785 1409 145)
1847 1347 2040 1405 «fons»,

142 1430 480 1491 «scaturigo»,
512 1459 577 1462 —
610 1430 707 1476 alm
753 1431 997 1489 «fluens»,
1041 1441 1139 1480 etc.
1185 1434 1242 1480 In
1283 1429 1456 1480 alilah
1489 1436 1803 1493 «mortalis»,
1845 1466 1911 1471 »-
1944 1436 2038 1482 bol-
2077 1500 2079 1502 -

136 1518 236 1564 dulc
276 1518 356 1564 cdi
397 1518 594 1564 «factus
634 1529 763 1577 est»,
807 1549 873 1553 -
911 1521 1050 1567 fibula
1096 1523 1317 1584 «virga»,
1360 1554 1426 1558 —
1454 1523 1616 1586 sagula
1656 1532 1961 1585 peccatum»
2005 1524 2038 1570 [ι

139 1625 228 1669 pro
267 1607 297 1652 l
338 1607 474 1653 finali
516 1608 763 1669 scriptum
805 1617 898 1655 est.
931 1610 1041 1656 Vox
1069 1610 1239 1656 [anzuh
1267 1620 1317 1657 et
1344 1611 1515 1657 tcmmcll
1546 1620 1595 1658 et
1623 1617 1761 1658 [cmm
1791 1613 2043 1674 scripturn

139 1696 400 1756 reperitur.
443 1727 510 1730 —
551 1697 792 1743 Consona
831 1732 877 1786 ἰ
905 1715 1003 1744 non
1045 1699 1208 1745 solum
1250 1717 1340 1761 per
1378 1700 1444 1757 cll,
1498 1701 1587 1748 sed
1642 1702 1798 1748 etiarn
1845 1718 1934 1763 per
1976 1701 2045 1764 glt

139 1785 428 1842 denotatur,
460 1804 502 1832 e.
526 1802 571 1847 g.
605 1786 787 1849 noglmt
814 1804 904 1849 pro
933 1797 1088 1854 2³3.th
1117 1797 1215 1835 etc.
1259 1790 1532 1852 Aspiratae
1559 1824 1605 1878 ζ
1632 1798 1682 1837 et
1710 1806 1728 1833 δ
1756 1791 1889 1837 inter
1916 1790 2045 1836 duas
2082 1804 2085 1805 ’

136 1873 340 1919 vocales
381 1891 629 1936 perquam
669 1874 817 1921 facile
858 1876 1129 1934 eliduntur,
1155 1895 1197 1923 e.
1228 1894 1274 1940 g.
1304 1877 1423 1923 ίιιιιιι
1451 1896 1542 1940 pro
1569 1873 1696 1922 ἄλει*
1731 1879 2041 1935 «brassica»,

140 1962 227 2008 sed
269 1963 425 2008 etiam
465 1963 649 2026 lagllan
690 1965 930 2022 occurrit,
974 1995 1040 1998 —
1079 1983 1201 2012 saar
1235 1983 1325 2028 pro
1355 1982 1463 2044 ΓΕΑ
1508 1967 1711 2014 «urbs».

282 2052 360 2097 De
402 2052 694 2098 dentalibus
735 2070 902 2115 pauca
930 2062 1132 2100 tantum
1160 2054 1365 2116 adjicio.
1409 2055 1604 2101 Tenuis
1632 2056 1681 2101 in
1711 2056 1741 2102 l.
1773 2056 2045 2102 cumanica

140 2141 328 2200 pariter
368 2149 524 2202 atque
553 2141 602 2187 in
632 2141 869 2188 dialectis
898 2143 1178 2204 cagataicis
1207 2145 1507 2208 plerumque
1538 2144 1808 2191 incolumis
1837 2144 2042 2200 mansit,

140 2229 308 2275 media
349 2247 468 2275 vero
508 2230 765 2277 interdum
807 2231 855 2277 in
897 2232 1189 2279 sibilantem
1228 2251 1255 2278 ,τ’
1294 2234 1702 2294 permutabatur,
1744 2251 1788 2279 e.
1818 2249 1864 2295 g.
1906 2249 2046 2278 azam

140 2334 229 2379 pro
268 2317 414 2363 adam
460 2318 694 2375 «homo»,
738 2319 800 2365 cf.
843 2319 1146 2366 kazanicum
1174 2321 1279 2366 lsel
1303 2338 1392 2383 pro
1421 2321 1542 2379 Mel,
1583 2321 1740 2370 kasak
1767 2338 1858 2383 pro
1885 2320 2049 2367 kadak

145 2406 379 2452 «clavus»
426 2416 522 2453 etc.
569 2408 625 2453 In
666 2408 835 2469 glossa
867 2408 967 2454 αἰῑέ
996 2410 1109 2455 loco
1138 2410 1305 2456 tenuis
1335 2411 1559 2457 mediam
1588 2410 1950 2472 conspicimus,
1981 2409 2043 2455 cf.

139 2488 240 2583 ΞΒ.
287 2497 428 2541 Loco
456 2514 596 2542 asam
624 2506 672 2543 et
700 2515 838 2542 asama
867 2499 1116 2560 scriptum
1146 2500 1411 2560 reperitur.
1452 2500 1508 2545 In
1539 2515 1652 2561 pag.
1694 2514 1785 2559 143
1811 2498 1919 2544 obs.
1950 2497 2045 2544 for-

142 2601 277 2630 mam
318 2585 477 2630 {aredi
519 2586 861 2648 «generavit»,
905 2604 1036 2650 quae
1079 2604 1168 2649 pro
1209 2587 1389 2633 toroldi
1428 2588 1617 2649 scripta
1658 2588 1922 2649 reperitur,
1965 2586 2046 2632 hic

141 2673 271 2719 forse
313 2674 530 2735 scriptor
557 2675 945 2722 denotationem
988 2693 1246 2722 consonae
1274 2682 1294 2721 ί
1320 2693 1411 2738 per
1451 2676 1815 2738 negligentiam
1855 2676 2044 2722 omisit.

284 2765 363 2809 Ex
402 2763 579 2809 ordine
618 2763 881 2810 labialium
936 2764 1106 2811 littera
1136 2764 1183 2827 s
1213 2765 1439 2826 exceptis
1490 2765 1673 2826 glossis
1726 2764 1945 2811 arabicis
1997 2771 2047 2810 et

141 2851 352 2912 persicis
405 2851 590 2898 frustra
641 2852 993 2910 desideratur;
1060 2853 1109 2898 in
1163 2853 1391 2899 secunda
1442 2853 1635 2899 codicis
1687 2861 1831 2914 parte
1878 2853 2048 2899 littera

123 2940 169 3002 s
215 2941 263 2986 in
323 2942 493 2998 glossa
556 2943 786 3002 persicae
855 2942 1063 2999 originis
1110 2941 1287 3003 frisia,
1335 2941 1574 3004 srz'slilczr
1628 2942 1790 2988 adest.
1862 2941 2048 2988 Glossa

127 3029 202 3091 fil
267 3030 540 3091 «elephas»
610 3032 658 3076 in
723 3031 1052 3077 vocabulario
1120 3039 1320 3077 tantum
1390 3031 1628 3077 occurrit.
1706 3031 1947 3077 Consona
2009 3036 2048 3091 p

142 3134 345 3180 quoque
423 3118 470 3163 in
536 3119 749 3164 exoticis
823 3128 1023 3165 tantum
1098 3120 1282 3181 glossis
1365 3127 1608 3182 apparet,
1671 3136 1737 3172 e.
1815 3135 1861 3179 g.
1936 3118 2046 3180 bap-

143 3206 286 3252 lz'sma
353 3216 450 3255 etc,
521 3208 720 3255 Littera
780 3208 804 3255 l>
868 3208 917 3256 in
986 3207 1147 3256 forma
1204 3207 1381 3272 lmylmt
1443 3209 1582 3271 (pag.
1660 3208 1782 3271 148)
1858 3208 2048 3255 inserta
