2187 3652
1049 112 1169 138 CXXII

165 226 338 281 ressi‚»
384 254 443 257 —
494 223 804 280 «adiunssi»,
859 254 925 258 —
971 225 1279 286 «depinssi»‚
1334 254 1396 258 —
1445 225 1665 283 «dussi,»
1710 256 1776 260 —
1828 228 2059 275 «infinsi»

165 323 262 360 etc.
308 314 599 359 Nonnullae
640 331 793 360 voces
834 315 992 374 partis
1033 314 1221 360 latinae
1262 315 1399 377 quod
1442 316 1505 362 ad
1553 316 1932 378 ortographiam
1987 318 2066 363 vel

165 402 300 463 quod
342 401 404 446 ad
450 401 663 447 formam
705 402 868 462 ipsam
912 419 1032 447 sane
1073 402 1297 448 indolem
1339 403 1545 450 dialecti
1575 405 1890 451 Venetianae
1920 405 2063 451 redo-

163 491 281 545 lent,
314 507 355 535 e.
386 506 431 550 g.
468 490 724 551 «endego»
758 491 870 536 1000
897 491 1152 551 «indigo»,
1179 520 1241 524 ——
1271 493 1555 554 «tenagie»,
1582 521 1647 525 ψ
1676 493 1973 550 «chibebe»,
1998 522 2066 526 —

169 580 459 623 «latonum»
506 578 657 623 hodie
698 595 902 640 quoque
949 579 1148 624 «laton»
1195 580 1307 626 loco
1343 588 1600 637 «ottone»,
1630 609 1696 614 —-
1729 575 2063 638 «1110123105»,

164 696 227 698 --
276 667 631 724 «caramella»,
686 695 752 701 ——
812 675 1029 725 «turta»,
1076 669 1164 714 sed
1217 669 1413 731 aliquot
1466 669 1645 715 horum
1698 670 2065 716 vocabulorum

162 755 316 799 etiam
370 755 419 800 in
472 755 707 801 dialectis
765 757 1271 817 septemtrionalibus
1318 758 1504 804 italicis
1557 767 1844 815 occurrunt,
1904 775 1947 804 e.
2017 775 2063 820 g.

169 843 391 899 «laton»,
458 844 594 905 quod
656 843 938 890 Mediolani
1010 845 1210 890 «loton»
1280 851 1472 892 501131.ῐ
1538 848 1580 892 Ε
1645 848 1901 893 contrario
1967 847 2066 893 alia

163 931 410 977 vocabula
452 949 612 994 eaque
654 949 775 978 sane
817 933 976 979 multa
1016 934 1240 980 indolem
1282 936 1619 982 dialectorum
1661 936 2066 997 septemtrionali

164 1020 580 1077 occidentalium,
623 1023 907 1083 respective
948 1023 1156 1069 dialecti
1203 1024 1476 1087 januensis
1528 1024 1663 1071 clare
1717 1023 2065 1080 manifestant,

163 1127 205 1155 e.
248 1126 293 1167 g.
342 1125 672 1169 «gl‘agllOl‘a»,
715 1111 765 1156 in
806 1128 907 1173 quo
946 1112 1197 1158 vocabulo
1239 1113 1482 1174 originale
1522 1112 1545 1158 l
1580 1113 1711 1160 inter
1750 1113 1879 1159 duas
1918 1129 2066 1159 voca-

164 1198 236 1244 les
277 1215 306 1242 r
340 1199 518 1254 evasit,
560 1228 625 1231 —
672 1200 899 1246 «sivoro»
945 1200 994 1246 in
1036 1218 1137 1263 qua
1176 1200 1339 1247 forma
1368 1201 1548 1248 eadem
1578 1202 1889 1263 permutatio
1917 1202 2066 1247 obve-

164 1287 252 1343 nit,
315 1316 380 1320 -—
438 1289 759 1345 «carubitis»,
810 1319 875 1323 ——
935 1290 1267 1351 «turcheyse»
1323 1298 1420 1336 etc.
1490 1290 1760 1337 Scribendi
1826 1291 1956 1336 ratio
2009 1307 2068 1336 ac

163 1376 353 1422 formae
395 1378 648 1424 maximae
702 1378 1065 1425 vocabulorum
1122 1378 1208 1425 lat.
1269 1380 1427 1440 partis
1480 1380 1780 1440 scriptorem
1833 1378 2067 1439 glossarii

164 1465 305 1510 latini
346 1466 656 1529 januensem
699 1466 852 1513 fuisse
894 1467 1157 1514 evidenter
1196 1468 1550 1530 comprobant,
1593 1485 1725 1531 quae
1779 1484 1858 1514 res
1909 1468 2067 1514 etiam

164 1571 223 1608 eo
262 1555 634 1608 corroboratur,
676 1556 813 1618 quod
858 1557 1248 1618 antiquissimus
1278 1557 1471 1603 codicis
1499 1573 1764 1618 possessor
1791 1557 2068 1603 ANTONIUS

163 1643 226 1688 de
270 1644 471 1689 FINALE
512 1651 636 1700 erat,
679 1643 823 1706 cujus
863 1644 1055 1691 familia
1095 1662 1155 1691 ex
1198 1646 1410 1703 Liguria
1451 1652 1561 1692 orta
1600 1646 1797 1710 Januae
1837 1661 1927 1706 per
1959 1645 2065 1692 lon-

162 1748 280 1790 gum
322 1740 524 1793 tempus
564 1733 763 1779 diversa
805 1750 1016 1780 munera
1056 1734 1451 1781 administrabat
1491 1743 1541 1781 et
1581 1736 1732 1797 vulgo
1774 1735 1857 1781 DE
1899 1735 2070 1781 FINAR

162 1821 237 1866 vel
295 1822 375 1866 DE
430 1823 654 1868 FINARIO
707 1823 971 1869 nominata
1022 1823 1130 1879 fuit,
1186 1840 1246 1869 ex
1300 1840 1400 1886 qua
1451 1823 1661 1880 familia,
1717 1824 1789 1869 uti
1837 1823 1961 1869 mihi
2001 1824 2064 1869 cl.

164 1909 472 1956 Co1<NELius
522 1911 606 1955 DE
660 1911 855 1957 SmoNI
910 1912 1328 1968 communicavit,
1384 1929 1512 1958 unus
1560 1912 1765 1958 nomine
1819 1912 2069 1958 ANDREAS

165 1999 335 2043 seculo
376 2015 461 2044 xiv
498 1999 695 2062 Januae
750 2017 958 2046 munere
1018 2001 1201 2046 notarii
1248 2001 1484 2062 (anotaro
1532 2017 1557 2046 e
1615 2000 1934 2047 Cancelliere
1986 1999 2068 2046 dei

166 2087 364 2132 Eanchi
407 2087 456 2133 (li
502 2088 738 2149 Mutuo»)
786 2088 989 2134 functus
1018 2097 1141 2135 erat.
1173 2089 1228 2135 In
1260 2106 1372 2151 pag.
1409 2092 1504 2150 156
1534 2090 1728 2135 codicis
1756 2089 1852 2135 hoc
1881 2105 2069 2134 nomen

164 2175 213 2221 in
254 2174 414 2221 forma
455 2176 686 2235 originali
729 2177 975 2223 occurrit:
1024 2178 1161 2224 «Iste
1202 2178 1329 2224 liber
1356 2186 1433 2224 est
1462 2178 1523 2224 de
1553 2179 1684 2224 ANT.
1716 2178 1778 2224 de
1810 2178 2065 2234 FINALE»,

162 2264 305 2310 locus
345 2265 497 2321 enim,
541 2283 600 2311 ex
639 2283 740 2328 quo
782 2266 966 2312 nobilis
1008 2266 1201 2313 familia
1244 2268 1326 2313 DE
1370 2268 1539 2312 FINAR
1580 2267 1827 2328 originem
1868 2266 2065 2322 sumsit,

166 2353 369 2398 FINALE
410 2362 734 2414 nuncupatur
780 2355 845 2416 (in
891 2355 1142 2417 Liguria).
1190 2356 1286 2401 Pro
1315 2372 1472 2401 causa
1502 2363 1674 2401 nostra
1703 2363 1752 2401 et
1782 2355 1879 2400 hoc
1919 2370 2066 2415 argu-

164 2449 392 2487 mentum
422 2442 609 2488 adduci
641 2450 826 2504 potest‚
858 2443 994 2505 quod
1024 2461 1158 2490 anno
1194 2459 1340 2502 1303,
1372 2461 1528 2506 quum
1569 2443 1747 2489 Toklaz'
1785 2444 1833 2488 in
1869 2441 2070 2504 Kipcak

163 2538 212 2575 et
257 2529 426 2574 Casan
467 2530 517 2576 in
573 2531 747 2576 Persia
801 2540 1087 2591 regnarent,
1142 2532 1190 2578 in
1232 2532 1309 2578 his
1365 2532 1652 2591 regicnibus
1690 2532 1977 2595 januenses
2018 2539 2069 2577 et

163 2636 261 2664 non
291 2619 560 2665 Venetiani
604 2621 967 2666 commercium
1011 2621 1287 2678 habebant,
1330 2638 1421 2667 nec
1463 2620 1826 2667 celeberrimus
1857 2621 2068 2666 PAULUS

162 2707 399 2753 Venetus
445 2708 707 2768 (MARcus)
754 2726 886 2754 anno
922 2725 1051 2768 1294
1083 2709 1463 2756 Chersonesum
1500 2709 1750 2755 tauricam
1791 2725 2069 2771 peragrans

163 2795 293 2841 inter
336 2804 645 2843 mercatores
685 2798 1034 2844 occidentales
1076 2799 1529 2860 sympatriotarum
1571 2798 1885 2844 mentionem
1926 2797 2065 2843 fecit.

307 2884 385 2930 De
439 2885 801 2946 orthographia
855 2886 1013 2932 latina
1066 2887 1190 2932 haec
1233 2904 1397 2948 pauca
1439 2887 1735 2932 adnotanda
1777 2894 1919 2931 sunt:
1968 2901 2009 2931 Ι.
2053 2885 2072 2929 ι’

165 2973 463 3032 saepissime
507 2990 594 3033 per
623 2991 659 3035 y
699 2974 988 3020 denotatur.
1032 2993 1074 3021 e.
1119 2992 1162 3020 (τ.
1218 2975 1539 3036 «circuytus»
1600 2991 1643 3021 2.
1697 2992 1718 3019 ι·
1768 2975 2068 3035 saepissime

1118 3015 1145 3033 75

164 3062 276 3106 loco
315 3065 334 3104 l
373 3062 619 3122 scriptum
662 3063 924 3123 reperitur,
967 3081 1010 3109 e.
1053 3080 1097 3123 g,
1146 3063 1507 3125 «inquixicio»,
1549 3091 1616 3095 -—
1660 3063 1904 3123 «nupcie»
1938 3077 1984 3120 3.
2013 3077 2064 3117 x,

330 3203 339 3217 ¹
367 3198 410 3232 V.
454 3199 553 3233 doct.
597 3201 796 3234 ADOLPHI
844 3201 1094 3234 MUSSAFJAE
1139 3201 1318 3245 «Beitrag
1358 3212 1422 3234 zur
1450 3201 1585 3234 Kundc
1614 3201 1680 3234 der
1706 3199 2067 3233 norditalienisehen

165 3257 394 3291 Mundarten
424 3258 472 3290 im
501 3258 583 3291 XV.
611 3259 915 3304 Jahrhunderte»
946 3260 1148 3304 (Viennae,
1184 3260 1297 3305 1873).
1326 3260 1420 3304 Pag.
1449 3268 1502 3304 73.
