2187 3652
1021 109 1103 134 va

110 225 261 283 igitur
318 240 416 268 non
473 239 680 283 prorsus
734 239 871 267 more
919 222 1194 268 nomadum
1236 222 1393 267 vitam
1436 231 1662 282 egerunt,
1707 223 1794 268 sed
1839 224 1908 269 uti
1951 241 2008 269 ex

108 311 274 357 verbis
327 310 498 356 citatis
552 309 910 365 intelleximus,
969 309 1224 371 principes
1277 326 1451 354 eorum
1505 310 1750 371 oppidum
1804 328 2007 372 quoque

108 399 297 459 regium
352 398 592 453 habuere,
646 397 782 459 quod
832 406 946 459 post
986 397 1394 444 devastationem
1439 398 1796 457 Mongolorum
1841 400 2007 460 Nogai

108 487 315 533 tandem
358 493 783 532 restauraverunt.
828 487 1006 548 Usque
1048 486 1110 531 ad
1153 485 1304 531 finem
1349 486 1421 530 IX
1462 485 1618 531 seculi
1675 487 1893 532 Cumani
1933 504 2004 533 re-

109 575 311 636 gionem
364 575 495 621 inter
548 574 808 620 Chazaros
856 582 905 621 et
947 575 1192 620 Bissenos
1232 581 1539 635 occupatam
1580 574 1842 631 tenebant,
1885 583 2006 621 tunc

105 671 277 710 autem
318 662 467 708 simul
508 679 623 708 cum
667 662 913 709 Chazaris
953 663 1002 708 in
1043 670 1228 709 terram
1274 662 1605 707 Bissenorum
1645 662 1892 708 irruentes
1920 681 2006 709 eos

105 751 329 813 antiquis
369 750 718 796 mansionibus
758 750 1081 812 depulerunt,
1119 750 1206 796 sed
1239 750 1464 796 nonnulli
1498 750 1830 796 Bissenorum
1867 752 2002 798 CON-

104 855 359 885 STANTINO
400 838 616 884 docente
658 838 866 885 tandem
908 839 956 884 in
998 839 1214 901 patriam
1256 838 1470 886 reduces
1510 856 1624 885 cum
1670 840 1810 895 Uzis,
1846 840 1893 886 id
1929 847 2005 886 est

104 928 367 984 Cumanis,
409 927 665 973 amicitias
704 927 1090 989 conjunxerunt,
1132 935 1360 974 attamen
1385 936 1434 974 et
1474 936 1654 989 postea
1683 957 1748 960 —
1782 928 1845 974 ad
1876 936 2001 974 tem-

102 1033 196 1078 pus
225 1016 405 1062 saltem
434 1044 501 1048 —
529 1015 659 1062 inter
686 1033 739 1062 se
767 1016 1088 1078 aliquantum
1118 1017 1301 1063 diversi
1332 1025 1655 1063 manserunt:
1683 1018 1749 1058 καὶ
1778 1020 1863 1062 τοῖς
1886 1018 2003 1070 λεγο-

96 1105 236 1159 μένοις
261 1102 404 1154 (mejam
439 1098 688 1160 συνῴκησαν
723 1105 789 1145 καὶ
820 1104 946 1163 μέχρι
971 1105 1044 1146 τοῦ
1066 1105 1134 1147 νῦν
1153 1106 1257 1146 εἰσιν
1281 1106 1323 1146 έν
1346 1104 1490 1150 αὐτοῖς
1513 1104 1681 1163 ἔχοντες
1704 1106 1878 1147 menbra
1902 1123 2002 1158 γνω-

94 1182 282 1238 ρίσματα
325 1176 437 1222 ὥστε
472 1179 812 1238 ὃεαχωρίζεσθαε
846 1179 987 1226 duros}
1020 1183 1086 1222 καὶ
1120 1180 1317 1223 meib-fiac
1351 1178 1463 1236 ζτίνες
1493 1199 1536 1223 τε
1567 1178 1688 1239 ἦσαν,
1704 1183 1731 1245 ¹)
1805 1183 2002 1245 Religio

104 1270 608 1327 Muhammedanica‚
663 1287 795 1332 quae
851 1270 899 1316 in
958 1287 1167 1332 regnum
1228 1270 1500 1331 Bulgariae
1548 1270 1652 1332 jam
1714 1272 1885 1317 seculo
1929 1272 1999 1317 IX

101 1366 149 1405 et
190 1367 368 1420 postea
409 1359 457 1405 in
500 1359 805 1406 Chazariam
847 1376 1050 1421 quoque
1092 1358 1393 1420 penetravit,
1436 1359 1592 1405 etiam
1632 1359 1769 1421 apud
1811 1361 1998 1406 Cuma—

99 1464 190 1493 nos
241 1455 522 1510 propagata
586 1447 693 1504 fuit,
767 1464 879 1493 eam
951 1448 1301 1494 Cumanorum
1367 1448 1661 1509 religionem
1726 1448 1999 1509 scriptores

98 1536 436 1582 ecclesiastici
513 1536 655 1582 latini
726 1537 1035 1598 posteriores
1117 1536 1297 1582 «ritum
1363 1537 1690 1582 tartaricum»
1769 1538 1996 1583 nomina-

98 1624 237 1682 bant,
297 1625 367 1671 ita
419 1643 462 1671 e.
503 1641 548 1687 g.
602 1626 834 1689 JOANNEs
886 1625 1132 1671 diaconus
1188 1624 1596 1671 Kukullo'iensis:
1657 1626 1789 1671 «Hic
1843 1626 1998 1672 etiam

98 1720 305 1775 gentem
347 1714 748 1770 Chomanorum‚
804 1713 920 1759 ritui
976 1713 1246 1759 Tartarico
1286 1713 1564 1760 involutam
1613 1743 1677 1747 -—
1732 1714 1795 1760 ad
1849 1714 2000 1761 fidem

98 1802 422 1848 Catholicam
463 1802 689 1848 converti
731 1802 1022 1863 procuravit
1069 1802 1283 1863 (scilicet
1326 1803 1637 1849 LUDOvicus
1668 1804 1706 1849 I.
1737 1820 1821 1849 rex
1854 1805 1997 1850 Hun-

95 1890 284 1953 gariae)
304 1896 351 1933 »²
391 1898 487 1937 etc.
558 1891 779 1936 KsziNi
833 1890 883 1936 in
935 1890 1352 1952 cosmographia3
1391 1898 1620 1948 annotat,
1667 1892 1878 1938 Ghuzos
1920 1893 1995 1938 sui

95 1980 341 2040 temporis
396 1979 701 2025 christianos
755 1996 890 2036 esse;
952 1979 1001 2024 in
1060 1979 1154 2024 hac
1203 1996 1252 2025 re
1294 1979 1656 2026 celeberrimus
1708 1998 1996 2042 cosmogra-

96 2068 227 2129 phus
281 2068 551 2114 manifesto
604 2069 812 2125 erravit,
868 2076 1097 2114 attamen
1140 2068 1408 2114 nonnullos
1451 2068 1713 2114 Cumanos
1765 2069 1813 2114 id
1870 2077 1995 2114 tem-

96 2155 231 2216 poris
270 2156 334 2202 ad
376 2156 530 2202 fidem
571 2156 901 2202 christianam
944 2173 1215 2201 conversos
1256 2155 1426 2212 fuisse,
1471 2157 1606 2202 haud
1655 2157 1724 2203 ita
1776 2157 1991 2203 incredi-

94 2243 194 2289 bile
234 2252 327 2290 est.
372 2245 595 2290 KAZVINI
639 2253 753 2306 post
794 2252 979 2290 terram
1024 2244 1323 2290 Ghuzorum
1364 2245 1620 2306 regionem
1674 2247 1853 2291 ΚΙΜΑΚ
1909 2263 1994 2292 no-

95 2332 341 2379 minatam
394 2333 681 2395 descripsit,
733 2332 869 2394 quod
935 2350 1118 2378 nomen
1184 2332 1295 2378 loco
1352 2334 1544 2379 KUMAK
1597 2334 1843 2396 scriptum
1884 2353 1995 2381 esse

97 2437 393 2482 persvasum
435 2421 617 2478 habeo,
649 2422 780 2467 inter
806 2422 1011 2467 vocales
1052 2421 1186 2467 enim
1216 2428 1236 2466 ἴ
1261 2429 1311 2468 et
1351 2438 1381 2466 u
1423 2422 1860 2483 pronunciationis
1900 2432 1997 2469 tur-

94 2508 232 2555 cicae
261 2526 439 2571 parum
480 2517 681 2556 tantum
722 2509 948 2555 interest.
996 2509 1220 2555 KsziNi
1262 2510 1348 2566 ait,
1379 2510 1571 2556 incolas
1599 2510 1750 2573 hujus
1778 2512 1996 2573 regionis

94 2597 399 2658 scripturam
440 2598 694 2660 propriam
737 2598 926 2645 habere
967 2605 1017 2643 et
1059 2597 1270 2644 Ghuzos
1310 2598 1469 2644 monti
1511 2597 1664 2644 sacro‘
1696 2599 1845 2661 hujus
1898 2608 1993 2646 ter-

94 2701 179 2731 rae
217 2685 438 2732 Μινώην
474 2686 736 2733 nominato
783 2687 977 2732 cultum
1030 2686 1270 2733 tribuere.
1325 2688 1436 2734 Vox
1486 2686 1700 2733 menkur
1746 2688 1869 2734 mihi
1936 2706 1996 2735 ex

94 2773 291 2820 duobos
329 2774 539 2820 vocibus
578 2781 752 2837 mengz'c'
791 2782 840 2821 et
881 2791 947 2820 ur
981 2775 1267 2836 composita
1307 2775 1522 2832 videtur,
1579 2792 1794 2838 quarum
1834 2776 1996 2838 prima

101 2869 446 2920 «aeternum»,
519 2862 744 2908 secunda
813 2862 1133 2909 «dominum»
1211 2862 1481 2925 significat,
1554 2864 1615 2910 cf.
1682 2864 1992 2927 adjectivum

94 2950 417 2996 cumanicum
459 2951 651 2996 codicis
680 2950 949 2997 Venetiani
990 2957 1178 3013 mengz'l,
1219 2969 1262 2997 e.
1304 2968 1349 3012 g.
1393 2968 1506 3013 pag.
1545 2968 1638 3012 144
1669 2953 1780 2999 cod.
1824 2961 1996 3015 mengzi

238 3116 244 3130 ¹
277 3112 332 3144 De
361 3113 704 3146 administratione.
736 3113 826 3156 I'ag.
860 3112 935 3151 166,
971 3112 1031 3157 167
1061 3114 1118 3146 ed.
1149 3114 1372 3147 Bonnensis.

234 3181 246 3194 2
274 3176 317 3209 V.
345 3176 515 3221 ιΙιῡκκιςγ
545 3178 566 3210 l.
597 3190 627 3210 c.
655 3178 760 3210 Toni.
797 3189 823 3210 1.
856 3177 949 3221 Pag.
976 3188 1030 3220 5s).

233 3245 246 3265 3
276 3241 343 3274 Ed.
374 3240 689 3276 Wifrsiismcffln
717 3243 938 3286 Gottingae,
967 3253 1067 3275 anno
1099 3242 1196 3288 1848.

233 3331 329 3348 (obex
350 3331 525 3350 cunmmcus.
1836 3327 1855 3350 (⁷
