2187 3652
613 661 1208 731 EXCURsus
1264 664 1691 769 PRiMus.

882 816 969 853 DE
995 817 1427 856 AENJGMA'HS.

282 1003 413 1043 EQUE
439 1002 578 1048 atque
601 995 929 1048 antiquissima
952 996 1229 1048 populorum
1256 995 1488 1048 sapientia
1511 995 1557 1034 in
1580 996 1838 1048 proverbiis
1862 1002 1907 1036 et
1935 996 2106 1036 fabulis

201 1008 298 1111 A
326 1086 576 1125 eorumque
610 1072 774 1125 religio
808 1072 855 1111 in
890 1072 1221 1125 mythologicis
1270 1072 1648 1124 perceptionibus
1693 1073 1750 1112 de
1794 1072 1991 1122 infinito,
2041 1073 2106 1112 ita

197 1163 327 1189 mens
347 1150 466 1189 curis
490 1149 696 1189 relevata
715 1150 810 1201 jam
836 1148 1173 1201 antiquissimis
1198 1148 1484 1200 temporibus
1509 1162 1556 1188 se
1581 1148 1627 1188 in
1652 1149 1920 1189 inventione
1945 1149 2104 1202 aenig-

198 1235 371 1266 matum
419 1226 763 1275 manifestabat,
811 1226 857 1264 in
905 1239 1099 1278 quorum
1145 1225 1484 1277 compositione
1526 1225 1765 1278 ingenium
1810 1226 1924 1265 nihil
1979 1226 2105 1266 aliud

197 1304 390 1357 quaerit,
426 1317 564 1356 quam
598 1310 647 1342 ut
681 1302 768 1342 sibi
803 1310 847 1342 et
881 1302 984 1341 aliis
1018 1302 1302 1341 hilaritatem
1337 1301 1513 1350 afferat,
1549 1315 1690 1354 quare
1735 1302 1781 1341 in
1829 1302 2105 1343 brevissima

197 1380 477 1433 aenigmatis
511 1379 672 1427 forma,
708 1393 846 1431 quam
887 1393 991 1418 raro
1036 1379 1176 1431 paulo
1222 1378 1410 1431 longius
1455 1379 1731 1428 dilatabant,
1777 1393 1848 1419 res
1893 1379 2105 1420 diversae

196 1459 268 1497 vel
302 1471 421 1510 quae
454 1456 607 1496 fallaci
643 1463 823 1495 tantum
859 1455 1165 1495 similitudine
1198 1456 1445 1495 cohaerere
1478 1455 1737 1505 videantur,
1772 1456 1893 1514 inter
1915 1470 1964 1496 se
1996 1470 2104 1496 con-

196 1541 457 1581 nectuntur,
484 1533 757 1586 saepissime
775 1546 883 1572 vero
902 1532 1155 1585 improprie
1178 1532 1251 1571 vel
1276 1532 1516 1572 indefinite
1535 1533 1907 1572 denominantur.
1928 1532 2106 1586 Aenig-

196 1619 322 1652 mata
355 1618 508 1651 autem
539 1611 636 1663 jam
671 1610 716 1649 in
753 1610 1092 1663 antiquissimis
1116 1610 1405 1649 litteraturae
1436 1610 1749 1649 monumentis
1773 1610 1948 1662 passim
1971 1624 2104 1650 occu-

195 1696 314 1738 runt,
352 1696 399 1728 ut
432 1689 478 1727 in
512 1688 630 1727 libro
660 1688 866 1740 judicum
894 1687 1061 1727 veteris
1085 1687 1368 1734 testamenti,
1394 1687 1472 1726 ubi
1496 1687 1582 1726 hoc
1607 1686 1846 1727 SIMSONIS
1871 1687 2103 1740 aenigma,

196 1766 318 1818 quod
354 1765 625 1805 Philistaeis
660 1765 931 1804 solvendum
972 1764 1230 1817 proposuit,
1278 1764 1534 1816 reperitur:

679 1858 766 1903 .(·r·)
796 1861 915 1920 pins-3
943 1864 1023 1917 εξ
1050 1863 1146 1910 τιςπςη
1177 1845 1306 1916 ‘³382
1335 1864 1419 1916 ⁸32
1444 1845 1606 1915 πεζῆς

338 1949 441 1989 Hoc
494 1949 596 1988 loco
645 1948 865 2001 aenigma
908 1953 1020 2006 ΓῘἾΤᾞ
1061 1954 1368 1999 nuncupatur,
1417 1948 1540 2000 quod
1581 1947 1858 1987 vocabulum
1905 1946 1951 1985 in
1984 1946 2103 1986 libro

194 2021 440 2060 DANIELIS
475 2020 794 2067 calliditatem,
828 2019 1037 2059 fraudem
1085 2018 1334 2071 significat.
1390 2017 1618 2071 Sphingis
1663 2018 1883 2071 aenigma
1925 2017 2102 2070 primus

194 2104 420 2137 memorat
467 2095 758 2137 SOPHOCLES
810 2095 989 2149 fOedip.
1036 2096 1144 2149 Tyr.
1196 2109 1316 2149 130),
1365 2096 1445 2135 sed
1490 2095 1587 2134 eius
1631 2097 1774 2134 verba
1818 2108 1910 2134 non
1955 2094 2099 2134 affert.

195 2174 264 2213 Ne
298 2175 645 2214 ASCLEPIADES
681 2173 867 2226 quidem
902 2180 981 2212 aut
1015 2173 1105 2213 diei
1140 2179 1401 2224 temporum
1436 2178 1514 2211 aut
1558 2171 1773 2211 animalis
1819 2171 2101 2211 mentionem

194 2251 316 2291 facit.
353 2251 481 2291 Idem
517 2251 736 2303 aenigma
771 2251 892 2302 apud
930 2250 1209 2290 DIODORUM
1246 2248 1341 2301 (IV.
1376 2252 1444 2302 64,
1480 2249 1545 2288 ita
1569 2255 1730 2288 sonat:
1764 2250 1906 2291 Τι’έστε
1928 2251 1976 2290 τὸ
2000 2249 2103 2290 αὐτὸ

194 2330 354 2380 δίπουν,
379 2331 550 2384 τρίπουν
574 2330 640 2369 καὶ
672 2324 918 2383 τετράπουν,
945 2328 1066 2380 quod
1101 2327 1286 2366 demum
1330 2326 1374 2365 in
1419 2326 1549 2365 libris
1594 2326 1928 2378 posterioribus
1973 2339 2101 2365 men-

194 2407 319 2446 tione
353 2406 444 2446 diei
480 2412 740 2458 temporum
775 2419 896 2445 nova
920 2404 1099 2457 accepit
1124 2404 1423 2444 incrementa.
1450 2404 1570 2443 Ecce
1595 2402 1839 2456 Sphyngis
1869 2402 2100 2456 aenigma,

195 2485 317 2537 quod
353 2483 574 2523 OEDIPUS
610 2484 761 2531 solvit,
798 2483 842 2522 in
888 2482 1092 2522 ulteriori
1141 2496 1223 2521 sua
1267 2481 1440 2520 forma:
1494 2481 1753 2533 «quodnam
1797 2486 1867 2520 est
1911 2479 2099 2528 animal,

195 2575 330 2600 mane
364 2561 642 2613 quadrupes,
678 2560 869 2599 meridie
908 2560 1055 2612 bipes,
1102 2572 1295 2611 vespere
1341 2558 1536 2610 tripes?»
1588 2557 1642 2596 In
1688 2558 1775 2597 hac
1819 2556 2100 2610 aenigmatis

193 2638 340 2678 forma
387 2639 526 2677 homo
571 2638 822 2690 improprie
864 2636 1039 2676 (msmal
1080 2643 1375 2688 nuncupatur
1412 2635 1716 2687 diversaeque
1768 2640 1945 2674 aetates
2002 2634 2099 2686 ejus

194 2728 294 2754 cum
330 2715 525 2755 diversis
559 2715 649 2755 diei
684 2715 973 2767 tomporibus
1008 2720 1349 2766 comparantur.
1385 2712 1734 2752 ASCLEPIADES
1765 2711 1950 2763 quidem
1976 2711 2098 2763 apud

194 2790 235 2829 Α
246 2791 474 2831 [helmam]
500 2806 581 2832 ens
606 2791 888 2844 aenigmatis
912 2791 1072 2844 generi
1096 2791 1283 2845 ἑρπετῶν
1299 2789 1637 2829 annumeravit.
1665 2787 1944 2837 Geminatio,
1965 2801 2098 2840 paro-

194 2868 446 2917 nomasiae,
481 2869 874 2921 onomatopoesis,
910 2868 1171 2920 composita
1204 2867 1405 2916 insolita,
1441 2880 1524 2906 nec
1549 2880 1641 2905 non
1665 2865 1892 2905 vocabula
1927 2864 2099 2904 lusoria

194 2945 264 2984 vel
300 2945 426 2993 talia,
473 2959 590 2997 quae
636 2945 871 2984 rarissime
916 2951 1212 2996 usurpantur,
1259 2943 1549 2983 auditoribus
1594 2942 1913 2994 aenigmatum
1958 2954 2096 2994 quam

194 3022 439 3073 plurimam
488 3022 683 3062 afferunt
729 3021 1100 3070 delectationem,
1146 3021 1352 3060 maxima
1397 3028 1553 3060 tamen
1598 3019 1810 3058 hilaritas
1855 3031 1937 3070 per
1989 3030 2098 3057 con-

189 3099 476 3150 junctionem
512 3113 661 3138 rerum
697 3099 817 3138 inter
850 3112 897 3138 se
931 3098 1182 3138 admodum
1217 3098 1505 3137 diversarum
1540 3104 1678 3148 atque
1711 3109 1793 3148 per
1825 3094 2096 3134 denomina—

193 3175 343 3215 tiones
377 3189 532 3215 earum
568 3175 845 3227 improprias
879 3175 1122 3215 excitatur.
