2187 3652
1037 110 1202 137 LXXVIII

167 226 357 270 exitum
398 225 700 270 habuerunt.
746 225 904 270 Paulo
944 234 1060 285 post
1101 224 1320 271 Cumani
1361 224 1528 269 denuo
1568 225 1617 269 in
1658 224 2067 271 Transilvaniam

168 330 220 358 se
262 312 564 368 effuderunt,
607 311 736 358 ferro
778 320 931 373 atque
973 313 1073 373 igni
1115 312 1262 373 longe
1302 312 1508 373 lateque
1549 312 1719 357 omnia
1770 312 2070 374 depopulati

167 409 300 456 sunt,
343 400 432 446 sed
474 417 560 446 eos
606 417 692 446 rex
747 401 1046 446 LADISLAUS
1100 400 1304 446 devicit.
1362 399 1440 445 Ab
1492 417 1551 445 eo
1604 408 1834 461 tempore
1886 417 2071 462 magna

167 489 517 534 Cumanorum
577 505 694 550 pars
754 488 983 534 Bissenis
1041 488 1257 534 devictis
1317 487 1634 534 Moldaviam
1697 495 1960 550 terrasque
2025 489 2069 534 ei

165 576 461 637 adjacentes
502 594 663 638 usque
686 577 750 622 ad
780 577 1095 622 invasionem
1133 576 1489 639 Mongolorum
1524 584 1804 638 occupatas
1843 576 2068 623 tenebat.

168 665 223 709 In
277 664 586 725 quibusdam
640 664 930 710 nominibus
982 664 1338 726 geographicis
1391 664 1684 711 Moldaviae
1740 665 2070 711 Bissenorum

165 753 412 798 memoria
436 753 604 798 adhuc
645 753 796 815 viget,
838 753 910 798 ita
950 769 1111 814 pagus
1152 751 1361 814 quidam
1405 752 1697 798 Moldaviae
1742 754 2068 810 BEZNOASZA,

163 840 292 886 alius
334 857 494 902 pagus
538 842 746 886 BEZEST
786 841 1079 886 nominatur
1125 841 1328 902 (nornen
1371 841 1616 887 BESENffi
1645 841 1799 887 etiarn
1829 841 1879 888 in
1907 841 2069 887 Tran-

164 929 378 974 silvania
406 930 665 990 occurrit).
698 929 934 986 Cumani,
970 930 1331 991 Hungarorum
1361 929 1514 975 vicini
1546 946 1572 975 e
1603 929 1883 987 Moldavia‚
1914 947 2070 992 quarn

164 1017 337 1063 seculo
402 1017 555 1063 XIII.
617 1025 665 1063 et
730 1018 871 1064 XIV.
938 1034 1176 1079 expresse
1246 1018 1617 1064 «Cumaniam»
1686 1018 2068 1080 nuncupabant,

165 1106 465 1167 saepissime
506 1106 555 1151 in
597 1105 1030 1162 Transiivaniam,
1077 1106 1397 1168 Hungariam
1427 1114 1477 1152 et
1505 1106 1555 1152 in
1584 1106 1855 1168 imperium
1883 1106 2069 1169 byzan-

163 1195 322 1240 tinum
348 1195 596 1240 irruentes
636 1194 775 1241 locos
815 1196 981 1241 cultos
1010 1203 1059 1240 et
1086 1194 1401 1241 inhabitatos
1429 1195 1784 1241 devastabant.
1818 1195 2067 1257 Dynastia

164 1283 425 1345 bulgarica
464 1283 834 1329 Assenidarum
865 1284 1127 1330 Cumanos
1156 1284 1251 1329 sibi
1275 1284 1538 1330 associans
1567 1301 1740 1330 eorum
1770 1301 1866 1346 ope
1895 1284 2072 1346 adjuta

164 1390 296 1418 anno
356 1374 484 1418 1186
538 1389 749 1435 regnum
801 1373 1115 1435 bulgaricum
1170 1373 1476 1419 restauravit
1528 1381 1577 1419 et
1635 1373 1685 1418 in
1738 1372 2071 1434 sequentibus

163 1478 366 1522 quoque
407 1461 552 1506 bellis
594 1471 770 1507 contra
813 1462 1128 1522 Byzantinos
1171 1462 1390 1508 Cumani
1432 1478 1635 1523 semper
1679 1478 1917 1523 magnam
1957 1478 2069 1523 par-

162 1558 265 1595 tem
307 1549 582 1595 habebant.
640 1550 718 1595 De
769 1558 1052 1611 propagata
1105 1550 1167 1596 ad
1222 1551 1483 1597 Cumanos
1541 1551 1635 1596 hoc
1689 1558 1919 1611 tempore
1971 1549 2093 1597 fide.

163 1637 440 1684 christiana
477 1635 841 1684 celeberrimus
884 1639 1024 1684 PRAY
1061 1638 1111 1684 in
1155 1638 1287 1685 hunc
1329 1638 1539 1684 modum
1569 1638 1799 1701 scripsit:
1838 1633 1863 1681 ¹«
1879 1638 2068 1695 Prima,

162 1726 325 1788 inquit
359 1757 425 1761 —
466 1727 693 1773 omnium
736 1735 1052 1789 propagatae
1092 1727 1229 1789 apud
1261 1728 1524 1774 Cumanos
1552 1728 1601 1773 in
1634 1727 1897 1773 Moldavia
1933 1726 2069 1772 Reli-

161 1815 324 1875 gionis
365 1815 691 1862 Christianae
731 1815 947 1877 vestigia
986 1816 1035 1861 in
1078 1815 1335 1862 Chronico
1378 1816 1589 1878 Belgico
1630 1816 1828 1877 reperio
1862 1815 1911 1861 in
1941 1815 2068 1861 haec

160 1904 313 1949 verba
373 1904 436 1950 ad
478 1921 667 1950 annum
711 1904 981 1951 MCCXX.
1041 1904 1103 1949 ln
1159 1904 1451 1967 Hungm‘ia·
1490 1905 1735 1967 chzg‘ister
1782 1905 2069 1951 ROBERTUS

171 1990 551 2054 l'espl’l'llll'ensl's‚
605 1992 622 2037 l
635 1992 692 2038 'ir
726 1993 887 2049 bonus,
927 1998 972 2037 et
1012 1993 1267 2054 relegiosus
1299 1992 1351 2038 in
1378 1993 1640 2039 Leodl'ensi
1664 1992 1884 2039 Dz'oecesi
1910 1997 2069 2049 natzar,

142 2079 316 2141 saclas
338 2080 520 2142 sacrat
556 2081 964 2143 Aa'clzz'cssz‘scopns
1005 2082 1389 2144 &mg-oniensis.-
1427 2082 1507 2127 cm·
1543 2099 1676 2127 cruce
1713 2082 1917 2144 szgmzlo,
1945 2087 1990 2127 et
2016 2082 2068 2126 in

153 2169 399 2230 procincta
429 2170 625 2215 illaesis
650 2170 908 2215 constituto
947 2171 1155 2216 occurri!
1179 2170 1332 2233 filins
1358 2171 1607 2233 Principis
1645 2171 1702 2216 de
1747 2170 1997 2227 Cumania,
2024 2176 2070 2215 et

158 2258 230 2302 az'l
253 2277 267 2302 .·
305 2258 517 2304 Domine
555 2259 744 2321 baptism
782 2276 855 2304 me
894 2276 998 2304 cnm
1027 2259 1273 2305 duodecim
1309 2259 1429 2316 istis,
1470 2266 1515 2305 et
1552 2260 1707 2305 Pater
1742 2276 1876 2304 meus
1913 2259 2070 2305 veniet

157 2346 226 2391 ad
260 2352 303 2392 le
343 2347 477 2392 nllm
521 2347 672 2392 silvas
711 2348 762 2393 ῑίι
803 2348 898 2393 lali
933 2348 1029 2393 loco
1067 2365 1172 2394 cnm
1217 2347 1402 2394 dnobus
1452 2349 1670 2395 millibus
1708 2348 1942 2406 virorum,
1983 2349 2070 2409 qui

157 2451 318 2479 omnes
344 2435 624 2480 dexidercmt
649 2436 706 2481 de
733 2453 883 2482 mame
923 2442 1011 2482 ίῖιιι
1038 2437 1280 2499 baptisari
1294 2457 1308 2483 .·
1347 2454 1439 2499 quc)
1461 2437 1603 2499 facto
1628 2437 1750 2483 abiit
1786 2436 2067 2499 Arclcz'epefs—

156 2530 296 2584 copus
324 2523 459 2568 nllra
497 2523 649 2569 silvas
688 2525 740 2569 in
779 2542 1023 2571 occursum
1059 2526 1226 2588 patris
1278 2526 1431 2583 illins,
1470 2532 1515 2572 et
1554 2526 1621 2572 ibi
1669 2525 1903 2588 baptisati
1936 2531 2066 2582 sunt,

155 2611 260 2656 Deo
287 2612 445 2669 dante,
473 2612 745 2673 quindecim
774 2614 935 2659 millia
963 2614 1217 2660 hominnm
1262 2616 1493 2678 (PISTOR.
1537 2615 1710 2677 script.
1749 2631 1841 2661 rer.
1887 2615 2062 2662 Germ.

158 2699 309 2747 Tom.
354 2701 450 2747 III.
506 2718 619 2763 pag.
677 2703 816 2763 242).
873 2703 977 2750 Sed
1033 2703 1159 2750 haec
1219 2712 1307 2750 aut
1364 2712 1619 2766 occupata
1675 2711 1808 2759 sunt,
1869 2710 1957 2749 aut
2015 2703 2064 2749 in

160 2789 384 2835 Roberto
424 2790 828 2853 Archiepiscopo
869 2808 1007 2838 error
1047 2792 1217 2850 cubat,
1260 2793 1346 2854 qui
1387 2792 1436 2838 id
1466 2791 1712 2854 temporis
1752 2791 1976 2838 nondum
1999 2792 2064 2838 ad

160 2878 564 2940 Strigoniensem
607 2879 924 2926 Cathedram
966 2898 1026 2926 ex
1065 2880 1435 2943 Vesprimiensi
1476 2880 1743 2927 traductus
1782 2888 1906 2926 erat.
1935 2881 2062 2925 Rur-

158 2983 241 3011 sus
299 2967 363 3012 ad
418 2984 606 3012 annum
670 2969 1078 3015 MCCXXVIII.
1139 2969 1294 3031 (apud
1337 2969 1619 3015 Odoricum
1686 2969 2060 3030 RAYNALDin),

155 3071 340 3100 conver
371 3055 500 3100 ionis
559 3057 804 3103 memoria
856 3057 905 3103 in
945 3057 1127 3103 eadem
1170 3058 1339 3104 Gente
1379 3058 1616 3115 occurrit,
1664 3056 1868 3118 adjecto
1908 3056 2061 3103 etiam

159 3144 446 3206 Episcopo,
513 3146 593 3190 cui
659 3145 987 3191 Theodorico
1066 3163 1249 3193 nomen
1326 3146 1503 3203 fuerit,
1576 3146 1764 3208 quique
1835 3145 2061 3191 omnium

156 3231 372 3278 fortasse
426 3234 619 3295 primus
677 3235 816 3296 genti
877 3235 1226 3282 Cumanorum
1295 3235 1445 3283 datus
1516 3235 1811 3298 Episcopus
1868 3234 1949 3291 sit,
2010 3242 2063 3280 ut
