2187 3652
989 152 1065 177 XIII

84 264 286 310 recitari
327 281 354 309 a
395 263 566 324 pueris
607 264 751 309 solet.
794 265 962 310 Voces
1002 263 1273 324 plerasque
1322 279 1381 308 ex
1423 262 1645 309 Turcico
1687 263 1981 309 Tartarico-

84 369 182 413 que
224 352 345 397 mihi
386 351 654 397 commode
695 352 937 413 explicuit
979 352 1055 398 Cl.
1102 352 1424 407 KOLLARIUS,
1463 359 1516 396 ut
1552 359 1628 397 est
1669 352 1848 397 harum
1893 352 1982 398 lin-

84 455 295 500 guarum
338 439 694 500 peritissimus.
741 440 948 485 Initium
990 439 1061 485 ita
1108 438 1292 484 habet:
1346 438 1526 483 Be‘sa‘m
1567 443 1806 484 attmna'sz
1844 440 1986 485 leenae

83 527 212 573 lassate
252 536 348 573 etc.
391 526 527 589 quod
569 526 849 587 significat:
896 529 1048 573 Pater
1087 534 1274 583 noster,
1329 526 1414 587 qui
1466 544 1520 572 es
1576 528 1624 572 in
1677 528 1832 573 coelis
1884 536 1982 574 etc.

226 615 305 661 De
346 615 540 661 Chunis
582 615 867 661 Ptolomaei
908 615 1030 660 nihil
1073 615 1236 660 habeo
1278 614 1413 676 quod
1455 614 1641 661 dicam.
1684 617 1866 662 HYNos
1896 633 1985 678 pro

87 703 283 750 Chunis
334 720 444 749 esse
497 703 561 749 ab
609 704 865 765 aliquibus
918 703 1185 765 repositos,
1238 703 1354 749 inde
1407 702 1596 749 factum
1651 712 1791 765 puto,
1849 705 1985 766 quod

86 792 305 838 Librarii
346 792 569 837 nonnulli
613 792 923 838 elementum
966 809 1204 853 asperum
1244 791 1313 847 cla,
1358 791 1405 837 in
1448 792 1683 853 spiritum
1736 792 1902 839 lenem
1955 793 1986 838 la

85 888 507 936 transmutantes,
555 882 703 926 HUNI
746 898 835 941 pro
878 882 1057 927 CHUNJ
1101 881 1397 942 scripserint
1438 888 1488 926 et
1516 898 1576 926 ex
1604 898 1663 926 eo
1717 876 1836 922 (mm
1872 900 1986 943 pos-

87 978 169 1015 tea
222 969 431 1025 factum,
490 968 623 1014 facili
695 968 974 1014 admodum
1027 968 1364 1014 aberratione.
1438 969 1753 1030 Praecipuus
1812 971 1989 1016 Codex

87 1059 185 1103 Ms.
212 1058 443 1103 Graecus
486 1057 768 1102 Ptolemaei
811 1057 1251 1113 membranaceus,
1294 1074 1319 1102 e
1364 1057 1690 1103 Bibliotheca
1733 1059 1987 1104 Matthiae

85 1145 290 1191 Corvini
334 1145 488 1206 Regis
527 1145 577 1190 in
617 1146 900 1202 Augustam
943 1146 1235 1201 translatus,
1279 1145 1363 1206 qui
1406 1144 1536 1190 inter
1577 1145 1799 1191 Codices
1846 1163 1986 1207 grae-

84 1251 170 1280 cos
235 1236 401 1280 Mstos
466 1234 727 1279 Historiae
788 1233 1029 1294 profanae
1084 1236 1312 1279 Numero
1371 1242 1508 1278 Ι-ΠἸΠΞ
1567 1242 1668 1290 est,
1732 1251 1988 1295 quemque

84 1323 258 1369 dedita
298 1339 453 1383 opera
493 1322 704 1383 inspexi,
750 1322 937 1368 diserte
992 1322 1174 1367 habet:
1225 1315 1412 1378 μόνοι.»
1460 1322 1688 1367 Litterae
1731 1323 1990 1369 CORNIDIS

84 1412 148 1458 ad
191 1411 481 1472 GEoRGIUM
525 1411 586 1457 de
629 1412 783 1468 PRAY,
827 1429 957 1473 quae
999 1411 1263 1473 copiosum
1313 1410 1613 1457 eruditionis
1668 1410 1858 1457 fontem
1906 1428 1987 1456 oc-

85 1499 314 1556 cludunt,
357 1499 407 1545 in
447 1499 759 1545 bibliotheca
809 1499 1154 1545 universitatis
1194 1499 1362 1559 regiae
1406 1499 1870 1560 Budapestinensis
1911 1516 1987 1545 as-

85 1595 350 1634 servantur
389 1595 438 1634 et
475 1587 579 1650 jam
622 1588 707 1633 diu
748 1588 971 1633 futurum
1014 1604 1188 1634 eorum
1230 1587 1479 1634 editorem
1521 1595 1810 1649 expectant.

230 1675 543 1737 principissa
582 1676 863 1722 KOLTZOFF
907 1678 1230 1732 leIASSALSKY,
1286 1675 1387 1721 filia
1427 1675 1673 1737 principis
1710 1677 1994 1721 lVIICHfflLis

91 1765 271 1811 GHIKA
337 1766 496 1826 (Dora
544 1765 792 1826 d’Istria),
846 1764 1033 1810 femina
1085 1765 1221 1810 omni
1276 1765 1426 1810 laude
1480 1764 1795 1823 dignissima,
1850 1763 1993 1825 cujus

91 1853 264 1899 nescio
306 1860 473 1898 utrum
504 1853 690 1914 ingenii
720 1853 883 1899 aciem
913 1870 977 1898 an
1018 1853 1281 1899 doctrinae
1323 1853 1485 1912 magis
1526 1853 1748 1898 admirer
1789 1853 1989 1898 uberta-

88 1949 210 1998 tem,
267 1940 317 1987 in
368 1941 749 1998 dissertatione,
804 1958 958 2002 quam
1016 1941 1273 2003 inscripsit
1339 1942 1562 1987 «Russes
1615 1948 1665 1987 et
1721 1942 1986 2003 Mongols»

88 2029 280 2075 codicis
319 2030 476 2076 nostri
517 2030 833 2091 praestantia
873 2030 1065 2091 optime
1124 2030 1386 2076 intellecta
1432 2030 1558 2075 haec
1599 2030 1754 2075 verba
1798 2030 1988 2075 edidit:

94 2118 212 2165 «Un
251 2119 576 2165 vocabulaire
618 2118 1215 2180 persan-latin-kouman,
1259 2118 1345 2179 qui
1380 2118 1538 2164 existe
1577 2119 1604 2164 a
1633 2119 1681 2164 la
1712 2120 1992 2164 MARCIANA

90 2206 151 2252 de
181 2206 385 2264 Venise,
429 2224 617 2268 prouve
659 2224 757 2269 que
799 2207 872 2252 les
919 2207 1182 2252 Koumans
1218 2205 1469 2268 parlaient
1498 2223 1565 2252 un
1594 2206 1814 2252 dialecte
1844 2213 1953 2251 turc
1981 2224 1989 2263 ;

89 2296 218 2341 mais
258 2313 321 2341 on
362 2304 438 2342 est
479 2295 620 2357 porte
662 2296 690 2342 a
743 2295 903 2342 croire
953 2312 1052 2357 que
1105 2296 1228 2341 chez
1282 2313 1378 2341 eux
1432 2297 1475 2341 le
1529 2311 1653 2355 sang
1703 2302 1813 2340 turc
1869 2294 1993 2340 etait

89 2382 319 2445 melange
374 2385 436 2430 de
478 2400 602 2445 sang
653 2384 890 2445 ougrien»
944 2384 1061 2445 (vid.
1122 2385 1329 2429 «Revue
1391 2383 1481 2429 des
1547 2383 1680 2429 deux
1721 2383 1991 2439 Mondes»,

98 2484 174 2531 15.
219 2472 503 2529 Februarii,
552 2473 724 2534 1872).

229 2561 522 2622 Antequam
574 2561 793 2622 primum
847 2560 1321 2622 prolegomenorum
1374 2560 1665 2621 capitulumv
1712 2559 1991 2615 absolvam,

90 2647 153 2693 de
193 2648 427 2694 exteriori
469 2649 662 2695 codicis
704 2649 898 2705 habitu,
942 2648 1174 2694 foliorum
1204 2665 1413 2693 numero
1442 2656 1491 2694 et
1521 2648 1776 2709 signatura
1808 2647 1993 2692 dicam.

90 2737 365 2782 ANTONms
407 2738 689 2783 ZANETTUS
729 2737 777 2782 in
819 2737 1053 2797 catalogo
1092 2736 1437 2782 bibliothecae
1478 2736 1580 2782 divi
1638 2736 1813 2781 MARcr
1856 2734 1993 2780 codi-

89 2839 200 2868 cem
241 2824 565 2869 cumanicum
606 2825 671 2870 ait
718 2827 778 2870 62
822 2824 953 2869 foliis
994 2832 1244 2880 constare,
1288 2824 1375 2869 sed
1418 2824 1467 2868 in
1524 2823 1617 2869 hac
1669 2839 1720 2868 re
1774 2822 1993 2868 clarissi-

91 2928 201 2957 mus
242 2911 527 2972 praefectus
579 2912 715 2958 haud
756 2920 894 2958 recte
946 2911 1087 2968 vidit,
1143 2928 1259 2957 nam
1314 2920 1452 2957 totus
1506 2912 1667 2957 codex
1719 2910 1850 2956 foliis
1911 2912 1991 2965 82,

88 2999 328 3045 videlicet
368 3000 566 3061 paginis
624 3003 717 3058 164
769 3007 987 3045 constat.
1038 2999 1327 3046 Recentiori
1382 3007 1612 3060 tempore
1665 2999 1829 3044 codici
1872 2998 1992 3057 liga-

88 3093 253 3132 turam
318 3088 678 3133 corroborandi
737 3104 892 3133 causa
944 3088 1044 3132 duo
1096 3087 1264 3133 adhuc
1316 3087 1434 3132 folia
1486 3103 1648 3132 vacua
1699 3085 1987 3132 affixerunt.

94 3175 341 3235 Ligatura
380 3176 573 3221 codicis
614 3176 848 3221 coriacea
889 3176 1245 3237 praecedentis
1287 3176 1443 3222 seculi
1480 3192 1607 3236 opus
1634 3191 1745 3221 esse
1774 3174 1992 3219 videtur.

92 3262 324 3309 Stemma
365 3263 720 3309 serenissimae
770 3263 1083 3325 reipublicae
1130 3264 1358 3310 Venetae
1413 3279 1564 3324 super
1615 3262 1882 3308 adversam
1944 3268 1993 3306 et
