2187 3652
1099 125 1163 177 134

325 275 402 318 24.
435 256 727 303 «Acuncula
751 262 947 300 aestate
976 253 1420 314 ungventisnitet»
1450 252 1692 313 (proprie:
1724 251 2073 313 unetajacet.)

1473 340 1510 385 I.
1554 357 1596 385 e.
1645 356 1936 401 «serpens».

324 450 401 495 25.
453 434 646 478 «Intrat
685 432 921 491 vaginam
963 446 1159 474 suam».
1242 429 1280 474 Ι.
1325 445 1366 473 e.
1418 427 1607 473 «culter
1645 427 1936 488 plicatilis».

319 539 529 601 lsterjer
553 536 798 584 mendose
840 552 929 597 pro
970 535 1074 580 ίὲνιϊ
1112 534 1189 579 vel
1232 533 1404 579 z'c'kc‘z'm'l
1445 533 1688 594 seriptum
1719 550 1829 578 esse
1864 532 2080 589 videtur,

178 629 312 675 bl'c‘izk
346 652 383 666 z
423 631 530 685 eag.
573 619 771 691 de,
815 624 923 669 kaz.
956 622 1105 684 pz'ffak
1144 622 1221 667 vel
1253 621 1396 683 pc'ak,
1442 621 1594 679 hung.
1638 620 1805 666 bicsak.

323 737 401 781 26.
451 730 713 778 «Praedae
754 730 1015 791 dispersae
1058 728 1238 784 simile,
1281 727 1704 773 innumerabileo.
1746 755 1814 759 —

1124 818 1161 863 Ι.
1205 834 1247 863 e.
1296 818 1524 862 «eaelum
1567 832 1680 861 cum
1722 814 1933 861 stellis».

325 928 403 973 27.
460 910 666 957 «Tuber
720 926 817 954 non
871 908 1043 963 habet,
1093 906 1401 960 caeruleum,
1449 934 1516 937 ψ
1563 903 1841 951 conchilias
1888 902 2081 949 intexit.

1173 996 1210 1041 I.
1255 1012 1297 1041 e.
1347 994 1721 1039 «velamentum
1762 991 1941 1038 caeli».

324 1092 403 1136 28.
442 1089 780 1134 «Dextrorsus
810 1094 860 1132 et
889 1085 1210 1132 sinistrorsus
1240 1091 1522 1145 separatus,
1566 1082 1614 1127 in
1657 1088 1887 1127 trecenta
1928 1080 2086 1126 millia

187 1180 232 1242 (Ρ
271 1178 503 1239 frustula)
551 1174 896 1222 comminutus
938 1191 1099 1220 sum.»
1144 1202 1212 1206 —

1198 1262 1236 1307 I.
1281 1279 1322 1307 e.
1373 1261 1492 1316 «sol,
1536 1260 1671 1316 luna,
1715 1259 1942 1305 stellae».

321 1357 580 1402 Numerus
609 1361 839 1400 trecenta
864 1351 1021 1398 millia
1044 1351 1139 1397 hoe
1169 1351 1280 1396 loeo
1310 1358 1363 1395 ut
1386 1366 1629 1395 numerus
1658 1349 1804 1409 longe
1835 1348 2087 1393 maximus

181 1454 470 1508 usurpatur,
514 1443 575 1490 cf.
616 1447 748 1499 ΠᾎῌἻ
790 1440 925 1503 quod
965 1440 1082 1504 Jud.
1128 1455 1207 1495 20,
1258 1454 1333 1491 10,
1377 1438 1555 1484 (lecem
1597 1437 1771 1492 millia,
1815 1444 1867 1482 at
1908 1437 1990 1482 Ps.
2039 1452 2085 1495 3,

185 1550 228 1595 7,
271 1549 537 1580 numerum
579 1531 857 1578 maximum
898 1529 1148 1590 designat.
1189 1531 1321 1585 Πέἒᾝ
1359 1522 1470 1582 ”2¹28
1512 1527 1642 1572 Gen.
1694 1541 1772 1584 24,
1801 1527 1882 1581 60,
1925 1541 2087 1586 aeque

182 1641 239 1670 ac
281 1640 414 1669 cum.
457 1627 564 1667 otus
603 1625 738 1665 lmus·
773 1619 835 1665 de
884 1633 1094 1663 numero
1147 1616 1365 1662 rotundo
1412 1615 1558 1672 longe
1611 1614 1833 1660 maximo
1886 1613 2086 1669 dicitur,

183 1729 346 1774 eoque
386 1712 619 1756 inventor
659 1707 963 1769 aenigmatis
1003 1706 1066 1751 ad
1108 1704 1631 1751 innumerabilitatem
1673 1702 1934 1762 stellarum
1964 1701 2088 1748 allu-

184 1802 273 1847 ‹lit.
320 1802 509 1846 Forma
550 1798 688 1844 verbi
730 1813 789 1842 on
831 1813 890 1842 ex
930 1794 1053 1857 uftm
1102 1802 1365 1840 contracta
1412 1809 1523 1839 esse
1573 1792 1789 1848 videtur,
1844 1790 1904 1837 ef.
1961 1807 2086 1836 osm.

185 1888 452 1943 llt'anmak3
495 1888 596 1933 tale
640 1884 1006 1931 contractionis
1048 1882 1337 1944 exemplum
1380 1882 1427 1927 in
1469 1881 1652 1938 linguis
1699 1880 1906 1926 turcicis
1952 1879 2089 1925 haud

184 1979 253 2024 ita
294 1994 404 2023 raro
450 1975 688 2031 occurrit,
732 1991 774 2020 e.
817 1990 861 2035 g.
905 1990 1030 2019 osm.
1074 1971 1311 2017 ulanmal:
1351 1988 1441 2032 pro
1485 1969 1812 2033 usal-cm-nmk
1851 1979 1947 2015 etc.

330 2100 408 2143 29.
456 2082 625 2144 Hujus
665 2080 972 2138 aenigmatis
1013 2078 1287 2140 explicatio
1328 2078 1376 2123 in
1413 2085 1554 2123 textu
1584 2076 1920 2122 desideratur.
1954 2076 2090 2121 Ecce

186 2173 443 2233 aenigma:
493 2173 660 2217 «Auro
701 2169 975 2216 distinctus
1016 2168 1253 2230 princeps
1295 2166 1578 2221 descendit,
1623 2182 1908 2227 purpureus
1939 2165 2089 2225 sagit-

186 2262 343 2307 tarius
383 2260 702 2307 deseendit».
757 2258 892 2303 Tura
930 2283 967 2296 z
1005 2261 1113 2319 eag.
1157 2254 1247 2322 l53‚
1289 2264 1386 2329 ‘35⁵’
1427 2282 1495 2288 ——
1520 2254 1670 2317 jaylz',
1726 2253 1787 2300 ef.
1839 2256 1946 2316 (zag.
1991 2247 2092 2313 εἱ).

328 2383 409 2427 30.
460 2367 607 2428 «Ipse
650 2365 814 2421 solvit,
858 2364 1022 2419 solvit,
1066 2391 1130 2395 —-
1184 2370 1421 2423 prompta
1468 2378 1621 2407 manu
1675 2360 1985 2406 absconde».
2027 2389 2094 2392 —

1282 2452 1320 2496 I.
1364 2468 1404 2495 e.
1447 2467 1619 2495 servus
1660 2449 1955 2510 principis».

330 2561 411 2604 3Ι.
459 2546 571 2590 Hoc
614 2543 851 2604 aenigma
892 2549 1094 2602 praeter
1122 2540 1356 2586 ultimam
1386 2539 1550 2584 ultimi
1580 2537 1813 2584 vocabuli
1844 2538 2094 2598 syllabam

189 2635 284 2696 legi
327 2633 520 2694 nequit.

331 2737 412 2781 32.
460 2720 628 2782 Hujus
669 2719 975 2780 aenigmatis
1016 2718 1289 2780 explicatio
1331 2717 1491 2763 deest.
1539 2718 1676 2762 Ecce
1717 2716 1978 2776 aenigma:

337 2810 440 2856 «Os
485 2826 655 2855 meum
703 2808 797 2869 (Vel
839 2809 1006 2868 tuum)
1049 2807 1257 2853 dorsum
1298 2805 1408 2867 ejus
1448 2806 1700 2851 mordet».

333 2932 414 2975 33.
477 2916 628 2976 Quod
693 2915 833 2960 nosci
892 2922 1078 2975 potest,
1140 2913 1272 2969 novi,
1328 2912 1398 2975 (?)
1463 2911 1664 2958 adscito
1712 2910 1806 2972 (vel
1849 2909 2095 2956 memoria

192 3006 471 3066 asservato)
519 3003 774 3066 adjunxi.»
820 3031 889 3035 —
931 3002 968 3047 I.
1013 3019 1055 3047 e.
1105 3002 1487 3047 «Intellectus».

344 3093 501 3138 Tama
541 3110 601 3138 ex
657 3091 815 3153 lnjmcz
867 3091 1192 3136 decurtatum
1246 3106 1357 3135 esse
1410 3089 1626 3143 videtur,
1679 3086 1913 3132 suffixum
1961 3086 2095 3132 enim

193 3200 284 3239 ma,
325 3189 405 3227 md
444 3199 471 3227 a
512 3181 664 3226 verbo
707 3179 843 3225 haud
885 3180 955 3224 ita
996 3195 1107 3224 raro
1147 3179 1354 3224 nomina
1395 3177 1611 3223 actionis
1651 3185 1701 3222 et
1747 3176 1848 3222 acti
1896 3175 2095 3231 format,

194 3289 237 3317 e.
280 3288 325 3332 g.
368 3271 476 3316 kaz.
519 3269 682 3315 bl't'lmc’z‘
727 3268 1051 3324 «conclave»,
1094 3267 1296 3329 proprie
1338 3266 1404 3323 id,
1447 3265 1584 3327 quod
1624 3264 1843 3310 divisum
1896 3271 1989 3320 est,
2033 3291 2099 3295 -
