2187 3652
194 270 415 315 volentia
456 269 979 315 communicaverunt.
1015 269 1230 330 Insuper
1258 268 1392 314 doct.
1426 268 1676 315 SCHRoER
1705 269 1827 315 mihi
1855 270 2099 331 interpre-

195 364 438 409 tationem
483 364 765 425 glossarum
819 363 1227 424 germanicarum
1281 362 1434 424 hujus
1486 364 1679 410 codicis
1732 364 2100 411 humanissime

196 457 560 519 suppeditavit.
606 458 843 519 Denique
885 457 945 503 cl.
990 456 1217 519 praefecti
1259 457 1586 504 bibliothecae
1624 458 1979 515 „Marcianae“
2009 459 2100 504 viri

195 569 408 598 summae
449 552 694 598 doctrinae
723 560 772 598 et
800 552 1136 599 humanitatis
1175 553 1439 616 JOHANNIS
1469 554 1694 600 VELUDo
1723 561 1773 599 et
1801 553 1869 599 ill.
1901 553 2102 599 comitis

195 646 253 692 C.
321 646 567 693 SORANZO
631 663 749 708 erga
813 664 893 693 me
958 646 1373 693 benevolentiam
1438 647 1644 694 silentio
1708 647 2102 708 praetermittere

194 757 291 786 non
333 757 557 802 possum.

332 833 413 880 Ad
471 835 802 897 explicandas
859 836 1057 897 glossas
1121 835 1418 882 cumanicas
1482 836 1737 898 praecipue
1803 835 2102 897 professoris

192 929 450 975 VAMBERY
487 946 602 976 vere
642 930 845 991 egregio
872 930 1120 992 glossario
1150 930 1432 992 cagataico,
1463 932 1522 976 A.
1558 932 1849 976 HINDOGLU
1878 930 2100 976 vocabu-

193 1024 318 1069 lario
346 1024 610 1069 osmanico
650 1032 699 1069 et
741 1024 1033 1070 GABRIELIS
1074 1024 1137 1070 de
1169 1025 1372 1070 BALINT
1412 1025 1659 1086 glossario
1690 1025 1954 1071 Kazanico
1982 1041 2103 1070 usus

195 1134 321 1163 sum.
381 1118 438 1163 Id
494 1135 697 1180 quoque
751 1126 1053 1165 annotatum
1107 1136 1218 1165 esse
1270 1120 1401 1176 volo,
1446 1136 1536 1166 nos
1588 1120 1637 1165 in
1690 1119 1823 1165 notis
1864 1118 2103 1165 editionis

193 1213 389 1269 glossas
418 1213 716 1259 cumanicas
757 1213 1017 1275 praecipue
1047 1214 1323 1260 osmanicis
1352 1222 1401 1259 et
1440 1214 1715 1260 Kazanicis
1755 1230 2099 1275 comparasse,

193 1307 313 1368 quia
353 1307 450 1353 111ae
491 1307 627 1369 apud
669 1325 760 1354 nos
802 1308 963 1369 magis
1003 1316 1137 1354 notae
1165 1316 1299 1365 sunt,
1332 1326 1488 1371 quam
1517 1309 1733 1355 aliarum
1763 1308 2101 1355 dialectorum

194 1401 396 1458 formae,
463 1402 541 1448 hze
604 1419 723 1449 vero
788 1403 852 1449 ad
919 1403 1218 1450 cumanicas
1283 1411 1422 1450 recte
1486 1403 1818 1465 explicandas
1882 1403 2102 1449 maxime

194 1496 391 1542 idoneae
433 1506 564 1543 sunt.
608 1497 683 1544 Ad
725 1497 941 1544 formam
983 1499 1300 1548 osmanicam
1337 1498 1386 1544 in
1416 1499 1511 1544 hac
1552 1499 1721 1560 operis
1762 1506 1907 1560 parte
1948 1498 2100 1544 inter—

193 1591 314 1637 dum
355 1608 454 1637 non
495 1592 871 1649 annotavimus,
916 1609 1029 1639 eam
1071 1592 1292 1639 arabicae
1331 1594 1409 1639 vel
1452 1593 1664 1655 persica?
1712 1609 1823 1639 esse
1877 1591 2099 1654 originis,

194 1686 432 1747 quoniam
477 1687 526 1732 in
566 1687 894 1733 vocabulario
934 1688 1203 1734 cumanico
1244 1687 1455 1734 editioni
1498 1695 1685 1734 nostrae
1714 1686 1957 1750 adjuncto
1986 1703 2102 1749 quae

194 1781 257 1826 ad
298 1781 543 1843 originem
586 1782 847 1829 arabicam
889 1783 967 1829 vel
1008 1783 1262 1845 persicam
1305 1791 1559 1845 spectant,
1614 1783 1740 1829 locis
1788 1782 1893 1828 suis
1945 1786 2099 1828 anno-⁷

193 1883 301 1921 tata
365 1876 718 1933 inveniuntur,
779 1878 827 1923 in
887 1894 988 1939 quo
1045 1878 1242 1939 glossas
1301 1877 1599 1923 cumanicas
1664 1877 1922 1939 praecipue
1984 1893 2100 1923 cum

194 1971 472 2031 &agataicis
512 1980 562 2017 et
607 1972 881 2018 Kazanicis
922 1973 1352 2034 comparavimus.

337 2066 573 2129 Denique
640 2067 701 2113 de
766 2068 941 2114 multis
1005 2067 1356 2129 impressionis
1422 2067 1602 2114 erratis
1673 2067 1819 2113 nobis
1883 2067 2104 2129 graviter

195 2161 613 2222 conquerendum
655 2170 748 2218 est,
803 2180 918 2224 quae
960 2179 1081 2208 sane
1122 2163 1270 2224 longe
1311 2162 1554 2224 pauciora
1594 2161 1826 2218 fuissent,
1876 2161 1916 2207 si
1958 2161 2103 2207 nobis

195 2271 284 2315 per
333 2263 496 2302 totum
552 2256 675 2303 illud
725 2265 930 2318 tempus
986 2257 1329 2319 Budapestini
1383 2257 1567 2319 degere
1622 2256 1866 2303 licuisset.
1912 2257 2100 2302 Emen-

195 2349 455 2396 dationem
497 2359 777 2397 erratorum
821 2352 980 2398 lector
1019 2352 1296 2398 benevolus
1336 2351 1434 2397 fine
1476 2351 1643 2413 operis
1683 2350 1921 2397 inveniet.
1960 2352 2100 2398 Non-

195 2444 344 2490 nullae
403 2444 819 2502 emendationes,
887 2463 1002 2508 quae
1061 2445 1126 2492 ad
1185 2446 1458 2492 lectionem
1518 2445 2102 2507 interpretationemque

195 2539 478 2600 glossarum
520 2538 712 2586 codicis
753 2549 1007 2602 spectant,
1051 2541 1100 2586 in
1140 2540 1468 2587 vocabulario
1508 2540 1779 2587 cumanico
1819 2548 1868 2586 et
1902 2539 2104 2602 persico

195 2633 534 2679 inveniuntur.

334 2752 530 2798 Dabam
567 2753 1025 2811 fidaros-Ne'metlcz'z‘,
1067 2756 1215 2801 Anno
1262 2756 1409 2816 1879,
1456 2753 1703 2800 Kalendis
1741 2753 1906 2818 Juliis.
