2187 3652
1007 155 1065 181 wi

80 278 247 318 aetate
289 285 499 331 graecas
540 268 735 316 litteras
781 270 951 316 hausit
1004 278 1054 316 et
1109 268 1373 315 Bononiae
1428 265 1611 313 studiis
1663 263 1984 327 antiquitatis

80 359 350 417 diligenter
388 375 597 420 operam
639 358 796 405 dedit.
850 360 1071 404 HoMERi
1124 374 1295 419 opera,
1352 354 1789 417 quemadmodum
1842 361 1984 400 vates

81 448 188 509 ipse
230 447 279 492 in
321 447 502 492 litteris
543 447 607 492 ad
654 448 938 493 NICOLAUM
981 447 1227 493 SIG'ERUM
1284 444 1486 505 scriptis
1538 444 1624 499 ait,
1679 443 1741 489 de
1794 443 1984 488 ultimis

85 536 323 596 Europae
383 533 567 579 finibus
628 534 722 580 sibi
781 535 915 580 dono
956 535 1129 580 oblata
1170 532 1460 594 gratissimo
1515 539 1565 577 et
1625 532 1760 577 laeto
1812 531 1984 577 animo

82 623 300 685 accepit.
360 624 500 669 Inter
551 623 762 679 amicos,
821 641 949 685 quos
1005 623 1224 669 maxime
1280 621 1454 677 coluit,
1510 620 1780 666 nonnullos
1831 620 1984 683 Janu-

82 729 230 758 enses
290 711 469 757 habuit
510 719 559 757 et
613 712 736 758 nihil
779 712 980 769 mirum,
1041 712 1080 757 si
1140 711 1203 757 ab
1262 727 1361 756 uno
1420 709 1697 755 eorundem
1752 708 1983 754 codicem

80 800 408 846 cumanicuin
464 800 704 861 Europae
760 800 952 845 ultimis
1000 817 1089 862 per
1141 798 1490 846 missionarios
1548 797 1797 859 quosdam
1864 813 1981 842 con-

81 888 327 950 scriptum
382 906 407 934 e
449 889 771 950 possessione
813 890 1043 934 ANTONH
1086 888 1147 935 de
1191 889 1394 934 FINALE
1446 885 1621 947 liguris
1673 885 1767 931 sibi
1808 884 1981 947 acqui-

79 978 212 1023 sivit.
263 977 510 1023 Codicem
563 977 698 1023 enim
751 984 979 1023 nostrum
1028 976 1370 1033 cumanicum,
1413 974 1485 1020 uti
1527 991 1641 1037 pag.
1690 976 1785 1034 156
1826 990 1980 1019 anno-

80 1073 232 1122 tatur,
293 1082 384 1127 per
435 1065 687 1127 quosdam
748 1082 906 1111 annos
959 1066 1236 1111 ANTONIUS
1288 1063 1351 1110 de
1406 1065 1609 1109 FINALE
1663 1062 1979 1124 possidebat,

79 1153 222 1216 cujus
262 1153 523 1210 familiam,
568 1153 640 1199 uti
683 1153 805 1199 mihi
847 1153 1176 1199 doctissimus
1216 1153 1291 1198 vir
1319 1153 1628 1199 CORNELIUS
1668 1152 1746 1197 De
1790 1152 1984 1197 SIMONI

79 1242 270 1289 archivi
312 1242 364 1289 S.
411 1242 642 1288 GEORGII
685 1241 989 1287 secretarius
1043 1241 1429 1303 perhumaniter
1487 1239 1901 1296 communicavit,
1962 1256 1987 1285 e

82 1330 291 1393 Liguria
331 1330 575 1391 originem
624 1329 827 1375 duxisse
880 1337 1099 1376 constat.
1158 1329 1345 1376 Utrum
1398 1330 1715 1374 PETRARCHA
1756 1328 1987 1374 codicem

80 1419 406 1465 cumanicurn
448 1418 512 1464 ab
554 1419 665 1479 ipso
721 1419 963 1464 ΑΝΤΟΝΙΟ
1016 1419 1078 1464 de
1135 1420 1353 1475 FINALE‚
1414 1434 1478 1464 an
1535 1417 1634 1462 alio
1687 1416 1910 1478 quodam
1963 1434 1989 1462 e

80 1524 291 1554 numero
351 1507 632 1553 amicorum
684 1508 1020 1571 Januensiurn
1073 1508 1348 1569 acceperit,
1404 1506 1610 1552 minime
1665 1505 1839 1567 liquet,
1900 1503 1988 1549 sed

82 1613 237 1642 unum
280 1596 374 1642 hoc
416 1595 633 1641 testibus
674 1595 913 1642 adductis
954 1603 1170 1651 constat,
1215 1595 1446 1641 codicem
1488 1594 1640 1656 paulo
1671 1600 1787 1655 post
1814 1593 1985 1638 ANTO—

81 1701 216 1731 NIUM
259 1684 321 1730 de
364 1685 567 1730 FrNALE
607 1683 655 1729 in
698 1684 1074 1745 possessionem
1120 1685 1453 1729 PETRARCHAE
1501 1682 1809 1744 pervenisse.
1869 1681 1983 1726 Non

81 1774 243 1818 solum
285 1780 444 1818 testes
485 1772 714 1826 adducti,
757 1772 846 1817 sed
888 1772 996 1833 ipse
1037 1772 1199 1817 codex
1249 1771 1582 1817 assertionem
1638 1777 1863 1816 nostram
1916 1769 1987 1815 di-

81 1869 212 1906 serte
254 1861 569 1922 comprobat,
622 1877 736 1921 pag.
798 1860 932 1905 enim
992 1873 1084 1919 127
1139 1867 1188 1906 et
1245 1873 1339 1919 137
1394 1859 1650 1921 quaedam
1703 1858 1989 1920 fragmenta

80 1965 297 2010 poeseos
337 1949 540 1994 italicae
582 1948 919 2010 reperiuntur,
962 1965 1176 2010 quorum
1227 1948 1494 1994 character
1546 1946 1829 1992 secundum
1883 1947 1988 2007 opi-

82 2037 283 2082 nionem
348 2037 703 2083 nonnullorum
767 2037 988 2082 virorum
1053 2037 1319 2082 doctorum
1382 2036 1698 2091 italicorum,
1759 2035 1990 2096 inprimis

82 2126 288 2171 ATTILH
322 2127 527 2172 HORTIS
558 2126 901 2171 bibliothecae
932 2125 1268 2187 Tergestinae
1310 2124 1577 2170 claris-simi
1609 2123 1851 2185 praefecti
1883 2140 1987 2169 ma-

83 2229 235 2274 gnam
291 2231 406 2259 cum
450 2215 784 2260 PETRARCHAE
826 2212 1187 2273 manuscriptis
1227 2213 1557 2274 autographis
1598 2211 1985 2257 similitudinem

82 2318 201 2363 prae
243 2319 295 2348 se
337 2302 446 2348 fert.
489 2302 594 2349 Sed
636 2319 735 2347 non
777 2303 940 2347 solum
984 2301 1252 2347 character
1298 2302 1599 2362 scripturae,
1655 2317 1829 2346 verum
1884 2316 1988 2345 mo-

83 2390 177 2436 dus
217 2398 388 2451 partes
428 2391 672 2437 orationis
713 2389 1067 2445 contrahendi,
1112 2390 1476 2451 orthographia
1506 2397 1554 2435 et
1590 2388 1838 2434 vocabula
1878 2387 1990 2449 ipsa

84 2486 349 2524 auctorem
390 2479 790 2537 fragmentorum
833 2495 1017 2536 magna
1058 2495 1173 2523 cum
1218 2478 1582 2539 probabilitate
1630 2478 1986 2522 PETRARCHAM

83 2567 236 2613 fuisse
295 2567 666 2623 demonstrant,
724 2567 941 2613 eandem
995 2566 1129 2611 enim
1183 2566 1590 2611 contractionem
1635 2573 1687 2623 ‚et
1728 2565 1987 2622 orthogra-

84 2656 257 2716 phiam
299 2655 347 2701 in
388 2656 465 2701 his
506 2655 803 2713 fragmentis
844 2655 1192 2710 observamus,
1236 2671 1369 2715 quae
1412 2654 1458 2699 in
1500 2653 1831 2714 autographis
1860 2653 1988 2699 ccle-

85 2743 285 2789 berrimi
326 2744 475 2800 vatis,
519 2761 560 2789 e.
593 2760 638 2801 g.
684 2744 731 2788 in
774 2744 952 2788 codice
994 2743 1230 2788 vaticano
1268 2759 1350 2787 Liv
1388 2749 1677 2787 occurrunt.
1714 2741 1991 2786 Denotatio

85 2832 281 2878 litterae
322 2832 342 2877 ἰ
380 2849 469 2893 per
498 2849 534 2893 y
573 2832 621 2876 in
662 2832 913 2877 vocabulo
955 2848 1063 2892 ωαχ
1102 2831 1249 2892 primi
1293 2830 1562 2890 fragmenti
1605 2838 1654 2875 et
1690 2830 1738 2874 in
1766 2835 1914 2890 [oslcy
1942 2837 1990 2874 et

82 2925 218 2981 mylas
260 2920 471 2966 secundi
512 2920 731 2980 optimer
758 2919 1010 2980 espondct
1051 2919 1313 2980 scriptioni
1347 2918 1627 2980 ymaginar,
1657 2918 1988 2979 ymaginem)-

85 3008 213 3053 dicis
254 3008 501 3069 praedicti
562 3008 895 3068 autopraphi¹
935 3015 984 3053 et
1037 3007 1324 3053 contractio
1374 3006 1538 3051 [archo
1595 3006 1804 3051 secundi
1860 3005 1988 3063 frag—

86 3096 241 3141 menti
284 3096 438 3142 etiam
482 3096 529 3140 in
571 3095 748 3141 codice
793 3096 1027 3141 vaticano
1069 3112 1444 3156 saepenumero
1487 3095 1749 3155 reperitur.
1807 3093 1992 3138 Larcllo

297 3303 307 3323 ἑ
324 3303 355 3324 (Γ,
387 3299 471 3324 XIV.
