2187 3652
1034 101 1184 127 LXXXII

162 234 317 279 gnum
373 233 601 277 regnum.
647 214 874 276 Ideoque
915 222 965 260 te
1007 214 1130 260 milii
1184 211 1457 259 difficulter
1508 211 1698 257 subicis
1738 218 1920 273 sponte
1961 218 2066 257 tua.

163 305 349 351 Melius
389 314 560 349 tamen
601 303 692 348 tibi
734 310 870 348 esset
899 310 949 348 et
977 301 1247 357 salubrius,
1279 300 1317 345 si
1348 307 1396 345 te
1426 300 1685 345 subiceres
1714 298 1836 345 mihi
1865 306 2065 360 sponte.

163 393 395 439 Intellexi
436 391 643 453 insuper
682 391 820 452 quod
863 391 1127 436 Cumanos
1168 405 1340 434 servos
1381 395 1581 433 nostros
1622 387 1714 433 sub
1750 394 1840 432 tua
1867 394 2068 448 protec-

161 483 298 528 tione
339 479 628 541 suscepisti,
674 477 807 524 unde
849 477 1038 524 mando
1078 476 1187 533 tibi,
1230 476 1367 538 quod
1409 492 1497 522 eos
1537 476 1600 521 de
1641 483 1812 521 cetero
1853 474 1990 536 apud
2020 482 2070 520 te

162 587 259 615 non
301 577 478 614 teneas
508 576 557 613 et
598 584 678 613 me
719 565 1069 612 adversarium
1110 582 1212 610 non
1253 564 1445 610 habeas
1473 571 1682 625 propter
1721 563 1877 625 ipsos.
1922 562 2070 608 Faci-

162 658 260 704 lius
300 656 435 703 enim
471 664 546 701 est
576 654 824 702 Cumanis
864 653 1082 699 evadere
1111 669 1265 714 quam
1294 652 1402 709 tibi,
1445 652 1566 714 quia
1594 651 1663 697 illi
1693 651 1800 697 sine
1835 650 2073 697 domibus

163 763 279 791 cum
332 744 565 790 tentoriis
606 742 930 789 ambulantes
972 750 1189 803 possunt
1228 739 1440 786 forsitan
1480 739 1714 786 evadere.
1776 739 1859 785 Tu
1899 746 2072 784 autem

162 834 210 879 in
253 833 491 879 domibus
532 831 771 877 habitans
811 830 972 876 habes
1013 838 1183 875 castra
1212 837 1262 875 et
1291 829 1543 884 civitates,
1574 827 1835 889 quomodo
1864 826 2075 888 effugies

163 938 345 968 manus
398 920 609 967 measP»
670 919 815 964 BELA
858 919 946 965 IV.
989 934 1075 963 rex
1118 917 1433 979 Hungariae,
1484 916 1557 962 uti
1599 916 1754 962 etiarn
1794 933 1855 961 ex
1893 915 2076 961 litteris

164 1009 487 1073 imperatoris
540 1010 836 1054 FREDEmm
895 1007 943 1052 II
1003 1005 1067 1052 ad
1123 1022 1293 1067 regem
1346 1005 1561 1067 Angliae
1609 1004 1737 1050 scire
1778 1019 2072 1066 possumus,

164 1118 252 1162 per
293 1099 505 1145 nuncios
559 1097 920 1157 Mongolorum
973 1094 1247 1156 aliquoties
1297 1101 1504 1155 rogatus
1544 1101 1668 1150 erat,
1717 1100 1801 1138 «ut
1850 1092 1890 1138 si
1931 1109 2076 1138 suam

163 1190 321 1235 vitam
362 1194 572 1249 cuperet
625 1194 676 1231 et
727 1200 953 1240 suorum,
1010 1200 1101 1245 per
1154 1200 1298 1229 suam
1352 1190 1402 1228 et
1442 1182 1580 1244 regni
1621 1181 1694 1227 sui
1739 1180 2075 1237 deditionem,

166 1294 339 1324 eorum
381 1276 598 1334 gratiam
639 1273 873 1320 festinius
914 1271 1251 1334 praeveniret.
1270 1292 1285 1313 »
1306 1276 1315 1291 ¹
1341 1272 1602 1336 JULIANUS
1632 1270 1694 1317 de
1724 1269 1904 1316 litteris
1933 1268 2079 1315 ducis

173 1366 532 1424 Mrmgtssorum
593 1363 719 1409 haec
791 1378 998 1424 quoque
1052 1359 1331 1406 memoriae
1396 1359 1657 1422 prodidit:
1740 1357 1917 1405 «Misit
1961 1373 2080 1418 ergo

168 1457 363 1517 legatos
410 1453 529 1515 (dux
559 1451 939 1513 Mongolorum)
975 1449 1038 1496 ad
1068 1465 1239 1511 regem
1273 1448 1672 1510 Hungariorum,
1704 1447 1790 1509 qui
1817 1445 2080 1493 venientes

169 1561 258 1605 per
298 1552 460 1589 terras
512 1541 658 1587 ducis
700 1540 761 1586 de
805 1539 965 1586 Sudal
1007 1546 1057 1584 et
1098 1538 1271 1584 literas
1312 1537 1415 1599 regi
1471 1536 1855 1599 Hungariorum
1896 1534 2081 1581 missas

169 1632 269 1678 dux
310 1631 391 1677 ille
421 1630 614 1692 recepit
655 1629 718 1675 ab
748 1628 820 1675 eis
861 1637 911 1674 et
938 1628 1134 1689 legatos
1163 1627 1302 1688 ipsos
1332 1642 1447 1672 cum
1485 1625 1638 1671 sociis
1667 1624 1790 1671 mihi
1820 1622 2082 1685 deputatis

168 1721 322 1767 etiam
362 1720 482 1766 vidi.
528 1718 796 1765 Predictas
838 1717 1012 1763 literas
1052 1733 1080 1762 a
1136 1716 1249 1761 Noe
1290 1714 1421 1761 duce
1462 1715 1524 1760 de
1567 1713 1729 1761 Sudal
1769 1712 1893 1759 mihi
1933 1712 2083 1758 datas

169 1810 233 1855 ad
276 1826 446 1871 regem
491 1807 875 1869 Hungariorum
929 1805 1213 1867 deportavi.
1276 1804 1450 1850 Litere
1502 1811 1676 1850 autem
1730 1801 1924 1863 scripte
1963 1808 2084 1847 sunt

171 1898 329 1944 literis
381 1897 597 1960 paganis
649 1903 698 1942 et
751 1895 919 1957 lingva
972 1893 1232 1940 tartarica.
1292 1893 1444 1939 Unde
1496 1909 1582 1938 rex
1621 1892 1708 1954 qui
1749 1907 1836 1937 eas
1882 1890 2083 1952 possint

170 1988 335 2047 legere
378 1987 566 2032 multos
607 1984 815 2040 invenit,
860 1983 949 2029 sed
990 1981 1335 2045 intelligentes
1375 1998 1475 2028 non
1516 1980 1724 2027 invenit.
1770 1981 1882 2026 Nos
1911 1986 2081 2025 autem

171 2093 286 2122 cum
330 2075 658 2122 transivimus
699 2090 790 2136 per
831 2072 1140 2119 Cumaniam
1188 2071 1470 2133 (evidenter
1510 2052 1600 2132 per
1628 2068 1994 2116 Bessarabiam
2035 2075 2084 2114 et

174 2165 509 2226 Moldaviam)
570 2179 827 2225 paganum
880 2161 1141 2224 quendam
1194 2160 1482 2206 invenimus
1534 2159 1620 2221 qui
1679 2158 1826 2204 nobis
1878 2174 1966 2203 eas
2006 2163 2085 2202 est

171 2262 553 2316 interpretatus.
614 2253 727 2298 Hec
781 2259 897 2297 sunt
950 2258 1122 2296 autem
1178 2266 1278 2311 que
1328 2249 1469 2295 litere
1524 2248 1790 2294 continent
1829 2254 1961 2293 etc.»
2008 2246 2088 2291 Ex

171 2343 385 2389 vocibus
430 2341 616 2389 «Unde
658 2358 742 2387 rex
783 2340 870 2402 qui
912 2357 1000 2385 eas
1040 2339 1239 2400 possint
1268 2339 1434 2399 legere
1466 2337 1653 2382 multos
1681 2335 1903 2382 invenit»
1936 2335 2085 2381 facile

173 2432 534 2494 comperimus,
589 2431 720 2476 inter
772 2430 1036 2475 Cumanos
1090 2428 1227 2473 haud
1268 2427 1338 2473 ita
1379 2443 1573 2488 paucos
1613 2426 1786 2481 fuisse,
1839 2424 1926 2486 qui
1967 2423 2085 2469 scri-

174 2530 377 2583 pturam
419 2519 701 2577 uiguricam
749 2518 1001 2580 («litteras
1041 2517 1323 2579 paganas»)
1371 2515 1627 2576 legebant.
1657 2515 1780 2560 Post
1803 2513 2088 2560 discessum

176 2610 536 2671 Mongolorum
596 2626 625 2654 a
677 2624 831 2669 regno
894 2605 1193 2668 Hungariae
1251 2622 1338 2651 rex
1396 2605 1542 2650 BELA
1598 2603 1735 2649 velut
1785 2620 1846 2648 ex
1896 2600 2088 2663 ingenti
2151 2634 2163 2641 x

175 2698 438 2759 naufragio
481 2697 666 2743 civium
708 2695 951 2758 reliquias
992 2695 1213 2755 collegit,
1265 2702 1528 2755 terrasque
1572 2692 1803 2739 desertas
1844 2699 1895 2737 et
1934 2690 2086 2737 deva-

178 2795 340 2833 statas
370 2787 654 2833 cultoribus
694 2784 974 2847 assignavit
1003 2792 1052 2830 et
1082 2783 1331 2830 Cumanis
1359 2799 1581 2844 quoque,
1625 2798 1754 2843 quos
1797 2796 1887 2842 per
1926 2786 2088 2825 totam

182 2876 503 2933 Hungariam
556 2875 817 2937 dispersos
871 2873 1090 2929 invenit,
1159 2872 1334 2917 sedem
1388 2870 1495 2916 fixit
1558 2888 1750 2932 eosque
1806 2869 1871 2915 ad
1936 2867 2090 2914 fidem

179 2965 509 3010 christianam
543 2964 940 3025 amplexandam
969 2961 1234 3023 compulit.
1278 2962 1522 3006 Attamen
1553 2958 1771 3005 Cumani
1802 2974 1967 3019 neque
1997 2956 2090 3002 sub

323 3125 332 3139 ¹
361 3122 567 3154 MAJHAEI
598 3121 727 3153 Parus·
759 3120 951 3153 «Historia
981 3119 1141 3162 Major».
1171 3117 1340 3156 Parisiis,
1375 3116 1473 3160 1645.
1503 3116 1596 3159 Pag.
1624 3120 1702 3159 490.
1730 3114 1775 3148 V.
1803 3114 1974 3160 JERNEY
2011 3113 2088 3146 dis-

181 3186 425 3218 §munionem
448 3186 493 3218 ‹h-
514 3187 583 3218 hm·
605 3192 832 3226 argunwnto
861 3185 895 3217 in
925 3184 1129 3217 annalibus
1157 3182 1383 3216 academiae
1405 3181 1649 3215 scientiarum
1672 3179 1907 3221 hungaricae
1927 3177 2090 3222 (Eudae,

187 3252 284 3296 1840.
313 3250 417 3283 lom.
447 3251 533 3283 Vll.
567 3251 657 3291 l‘ag.
692 3250 767 3285 118.
804 3250 892 3294 119).
