2187 3652
1030 46 1159 73 LXXVI

148 159 367 205 maxima
397 175 513 220 pars
540 159 589 204 in
618 158 829 220 antiqua
859 160 1024 220 patria
1053 176 1340 216 remanens,
1384 160 1595 206 tandem
1637 162 1858 208 maxime
1897 179 2048 224 exop-

149 255 287 292 tatae
328 247 579 293 libertatis
619 247 783 308 potita
824 255 917 293 est.
975 248 1120 293 Aliae
1172 248 1335 294 tribus
1379 249 1680 295 Ghuzorum
1723 267 1750 295 a
1805 251 2052 298 Cumanis

149 343 416 395 separatae
457 335 506 380 in
547 335 773 396 antiquis
827 336 973 381 terris
1026 336 1454 397 Massagetarum,
1511 337 1575 383 ad
1629 339 2051 399 septemtrionem

150 424 368 485 regionis
409 411 523 484 Gag
563 441 703 470 more
744 425 1021 470 nomadum
1070 425 1227 470 vitam
1281 434 1508 487 egerunt,
1560 443 1775 487 quarum
1829 427 2051 474 celeber-

148 511 303 556 rimus
366 512 686 573 geographus
752 514 959 559 BELCHI
1025 530 1264 575 expresse
1329 514 1422 560 sub
1486 515 1694 568 nomine⁴
1758 516 2051 562 Guzzorum

148 600 459 646 mentionem
502 601 636 647 fecit.
682 602 919 659 Cumani,
976 619 1104 664 quos
1145 603 1421 664 scriptores
1461 603 1628 665 graeci
1685 604 1826 650 Uzos
1878 604 2051 665 appel-

147 688 361 746 labant¹‚
402 690 683 736 dominium
728 707 874 736 suum
901 690 1005 753 jam
1037 691 1207 737 seculo
1248 692 1293 737 X
1322 708 1350 737 a
1385 691 1593 738 flumine
1639 692 1763 738 Ural
1799 709 1959 754 usque
1987 693 2052 739 ad

148 777 361 839 Volgam
416 778 799 840 protenderunt.
862 780 1013 826 Statu
1066 796 1240 826 eorum
1295 779 1508 826 florente
1560 781 1717 826 vitam
1777 797 1868 842 per
1918 788 2053 828 artes

147 867 618 928 commerciumque
671 867 1002 914 excoluerunt
1054 876 1105 914 et
1146 868 1333 915 fossam
1370 868 1475 930 jam
1517 869 1613 914 hoc
1655 869 1766 931 ipso
1818 877 2053 932 tempore

146 955 398 1001 scribendi
452 972 655 1017 quoquc
709 972 789 1002 ars
842 956 980 1018 apud
1021 974 1108 1003 eos
1148 957 1442 1004 introducta
1489 957 1597 1003 fuit.
1662 958 1809 1003 Haec
1864 958 2051 1005 Cuma-

146 1060 323 1091 norum
365 1044 570 1106 propria
610 1045 860 1106 scriptura
901 1053 1041 1092 certo
1080 1063 1140 1092 ea
1181 1045 1290 1102 fuit,
1333 1063 1465 1108 quae
1513 1046 1800 1107 «uigurica»
1845 1047 2048 1093 dicitur.

143 1132 429 1195 Januenses
488 1133 550 1178 de
616 1133 925 1195 quibusdam
992 1134 1362 1196 diplomatibus
1416 1134 1605 1180 diserte
1666 1142 1930 1192 annotant,
1970 1153 2054 1197 *ea

145 1220 207 1266 de
259 1221 429 1282 lingua
471 1222 739 1268 cumanica
795 1222 843 1268 in
884 1223 1108 1281 linguam
1150 1223 1361 1268 latinam
1402 1239 1646 1269 conversa
1686 1222 1842 1269 fuisse
1883 1232 1934 1270 et
1986 1225 2048 1270 de

146 1308 223 1353 his
287 1309 410 1370 ipsis
474 1310 843 1371 diplomatibus
917 1311 966 1357 id
1045 1328 1249 1374 quoque
1326 1311 1536 1357 tradunt
1599 1329 1658 1357 ea
1735 1312 1784 1357 in
1856 1313 2053 1359 «littera

147 1397 438 1458 ugaricha»,
500 1399 689 1459 scripta
749 1416 879 1445 esse.
945 1401 1060 1446 Hoc
1119 1416 1304 1445 nomen
1370 1400 1571 1445 «littera
1624 1400 1920 1462 ugaricha»,
1980 1401 2052 1447 uti

146 1485 193 1531 in
262 1486 630 1532 additamentis
700 1487 763 1533 ad
838 1487 1103 1534 historiam
1188 1489 1425 1534 Crimeae
1504 1489 1858 1535 demonstrare
1934 1507 2051 1536 con-

145 1574 302 1631 stitui,
369 1575 492 1620 nihil
556 1576 693 1622 aliud
759 1576 1027 1637 significat,
1095 1594 1250 1639 quam
1328 1594 1441 1623 earn
1519 1577 1683 1638 ipsam
1748 1577 2051 1639 scripturam

145 1663 440 1723 uiguricmn,
490 1681 643 1725 quam
709 1665 864 1710 etiam
918 1666 1133 1728 chagani
1194 1665 1342 1712 Desti
1406 1665 1632 1728 Kipcsak
1696 1665 1958 1712 evidenter
2023 1684 2051 1713 a

146 1751 391 1797 Cumanis
442 1752 833 1813 adoptaverunt.
892 1755 1042 1800 Hanc
1097 1755 1260 1816 ipsam
1315 1755 1620 1816 scripturam
1671 1755 1931 1818 JULIANus
1993 1773 2054 1802 ex

144 1840 321 1886 ordine
365 1841 784 1887 Praedicatorum
832 1842 1059 1889 «litteras
1101 1860 1356 1905 paganas»
1401 1844 1644 1905 appellat,
1688 1861 1817 1905 quas
1867 1843 2050 1890 eodem

142 1929 368 1992 JuLiANo
410 1938 543 1976 teste
586 1931 850 1977 Cumanus
891 1932 1101 1993 quidam
1144 1949 1373 1994 paganus
1414 1950 1513 1978 non
1555 1933 1719 1979 solum
1768 1933 1905 1994 legit,
1962 1933 2051 1979 sed

145 2018 301 2063 etiam
363 2018 730 2080 interpretatus
795 2028 893 2066 est:
966 2022 1109 2066 «Nos
1172 2029 1345 2067 autem
1418 2039 1532 2067 cum
1587 2022 1913 2068 transivimus
1965 2038 2054 2083 per

145 2107 452 2153 Cumaniam
508 2124 763 2169 paganum
829 2110 1088 2171 quendam
1141 2110 1443 2168 invenimus,
1500 2110 1586 2172 qui
1641 2110 1787 2156 nobis
1842 2127 1928 2156 eas
1975 2118 2053 2156 est

145 2195 561 2257 interpretatus«.
606 2198 827 2244 Cumani
869 2199 1025 2245 seculi
1067 2199 1113 2244 X
1154 2216 1271 2245 cum
1314 2200 1562 2246 Chazaris
1603 2199 1808 2245 crebras
1849 2207 1899 2245 et
1940 2216 2049 2261 per-

144 2301 296 2344 quam
339 2293 576 2330 cruentas
617 2286 904 2333 habuerunt
946 2304 1159 2349 pugnas,
1202 2288 1338 2350 iique
1379 2288 1695 2334 incursiones
1753 2288 1800 2334 in
1853 2288 2049 2334 territo-

145 2372 273 2418 rium
315 2373 637 2419 chazaricum
680 2382 811 2421 teste
862 2378 1075 2423 MAsUDI
1130 2394 1332 2438 semper
1384 2377 1537 2422 hiemi
1593 2377 1837 2433 fecerunt,
1894 2394 2050 2438 quum

144 2460 360 2521 Volgam
403 2463 723 2524 congelatam
769 2465 1054 2527 transgredi
1096 2465 1242 2511 facile
1284 2465 1392 2511 fuit.
1437 2467 1585 2511 Anno
1632 2481 1761 2526 1044
1793 2466 2052 2512 CEDRENO

145 2548 362 2595 docente
406 2550 678 2596 Bisssenos
719 2560 769 2597 et
810 2554 962 2613 paulo
1004 2561 1118 2614 post
1160 2553 1441 2615 principem
1474 2555 1754 2600 Russorum
1787 2553 2049 2616 quendam

143 2653 203 2682 ex
245 2637 518 2698 improviso
560 2639 809 2685 irruentes
857 2641 1065 2686 tandem
1119 2658 1252 2687 anno
1311 2644 1439 2701 1065
1495 2659 1584 2703 per
1636 2650 1822 2688 terram
1879 2642 2049 2687 Bisse-

144 2742 318 2770 norum
364 2743 524 2788 usque
565 2728 629 2773 ad
673 2728 968 2775 Danubium
1011 2739 1367 2790 pervenerunt,
1410 2731 1544 2776 unde
1586 2731 1740 2776 etiam
1783 2730 1831 2776 in
1890 2730 2049 2790 inipe—

145 2813 271 2859 rium
331 2814 662 2876 byzantinum
723 2816 971 2877 impetum
1032 2817 1276 2864 fecerunt.
1343 2819 1487 2864 Haec
1554 2827 1725 2864 tamen
1793 2818 2050 2879 expeditio

145 2902 396 2948 Cumanis
451 2904 582 2949 male
639 2905 903 2962 successit,
960 2906 1182 2952 maxima
1235 2907 1369 2952 enim
1422 2924 1538 2968 pars
1579 2908 1832 2953 exercitus
1873 2923 2047 2953 eorum

146 2991 225 3035 lue
275 2991 513 3051 pestifera
568 2993 774 3047 interiit,
829 2994 1160 3040 nihilominus
1212 2995 1341 3040 alius
1395 2996 1745 3042 Cumanorum
1799 2996 2050 3042 exercitus

290 3120 298 3135 ¹
328 3118 446 3151 iidem
484 3118 658 3154 Cumani.
689 3131 782 3163 quos
812 3121 1015 3165 scriptores
1044 3122 1247 3155 orientales
1287 3122 1431 3155 arabici
1460 3127 1495 3154 et
1537 3122 1674 3165 persici
1715 3122 1809 3159 Guz.
1852 3122 1954 3156 Guzz
1993 3124 2050 3156 vel

145 3182 233 3214 Gizz
262 3182 471 3221 nominant,
502 3194 523 3215 a
552 3183 800 3226 scriptoribus
828 3185 981 3228 graecis
1006 3186 1220 3229 byzantinis
1251 3186 1365 3219 «Uzi»
1397 3187 1648 3230 appellantur.
