2187 3652
1060 101 1123 132 xii

142 218 493 281 Hungaricum
536 226 628 275 est,
672 219 845 264 album
886 230 1097 275 notans;
1142 218 1279 280 quod
1319 219 1454 265 clare
1494 218 1765 265 ostendere
1817 234 2040 280 possem,

139 308 178 352 si
220 306 370 353 ferret
410 306 460 351 id
502 306 792 352 institutum
835 323 1022 352 meum.
1068 305 1294 352 Evanuit
1334 306 1482 352 huius
1514 306 1749 353 vocabuli
1779 322 1916 363 usus,
1950 323 2042 352 nec

138 395 231 440 nisi
274 395 322 440 in
361 411 483 440 voce
525 394 813 456 composita
853 394 1103 440 szcizf-lcz‘bri
1144 401 1393 456 superest,
1437 395 1575 456 quod
1616 395 1678 441 de
1720 394 1865 456 equis
1915 394 2046 440 albos

128 483 278 545 pedes
316 483 624 529 habentibus
666 483 922 546 hodieque
970 491 1262 545 usurpatur.
1319 484 1606 530 DELISLIUS
1659 483 1871 531 Sarchel
1923 483 2045 528 illud

140 572 466 618 Constantini
521 572 628 618 urbi
684 573 998 619 BIELOGROD
1050 572 1295 633 adaptat;
1352 589 1445 634 ego
1486 572 1661 618 malim
1730 574 2044 619 BIELAWECZ

140 660 464 706 substituere.
523 661 674 706 Nitor
724 669 895 707 autem
948 661 1256 707 auctoritate
1315 661 1565 718 Nestoris,
1631 661 1716 723 qui
1784 660 2046 707 civitatem

143 750 455 795 Bffimwsscz
495 749 684 795 diserte
727 749 974 796 Chazaris
1019 750 1269 796 attribuit.
1328 749 1750 811 Rubruquisium,
1807 749 2045 795 Plancar-

140 837 331 898 pinum,
374 837 705 883 Vincentium
749 838 1188 894 Bellovacensem,
1235 838 1546 895 Bacconem,
1593 838 1879 884 Haitonum
1919 836 2045 899 legi;

139 924 189 969 hi
229 931 402 970 tamen
444 925 721 981 CumanOS,
766 925 806 971 si
847 925 969 987 quid
1011 925 1135 971 mihi
1176 942 1382 972 cernere
1424 926 1590 983 datur,
1634 925 1850 972 sollicite
1885 943 1915 972 a
1943 925 2047 972 Ga-

140 1012 285 1067 zaris,
330 1012 424 1058 hoc
467 1021 544 1059 est
586 1013 848 1070 Chazaris,
892 1014 1228 1076 distinguunt.

283 1102 428 1161 Quae
469 1102 530 1147 de
571 1102 742 1163 lingua
783 1103 1133 1149 Cumanorum
1177 1103 1476 1164 Hungarica
1516 1103 1766 1165 disputas,
1797 1103 2053 1165 elegantia

142 1197 273 1246 sunt,
316 1190 546 1251 miroque
588 1191 880 1253 excogitata
919 1191 1147 1253 ingenim
1191 1191 1313 1237 mihi
1355 1200 1529 1238 tamen
1569 1208 1669 1238 non
1709 1190 2049 1238 satisfaciunt.

143 1277 419 1324 Diuersum
480 1278 614 1324 enim
681 1279 1031 1325 Cumanorum
1090 1279 1247 1325 fuisse
1307 1297 1595 1326 sermonem
1650 1296 1678 1325 a
1734 1279 2049 1342 Hungarico,

142 1374 343 1427 praeter
384 1367 676 1429 Rogerium,
720 1368 819 1413 alia
859 1385 1064 1430 quoque
1106 1368 1216 1414 eius
1256 1369 1441 1415 aetatis
1482 1376 1816 1415 monumenta
1838 1369 2050 1430 loquun-

141 1463 236 1500 tur.
281 1456 491 1501 Possem
534 1456 742 1502 omnino
783 1457 971 1503 nubem
1012 1457 1223 1503 testium
1265 1457 1505 1518 proferre,
1549 1457 1634 1519 qui
1676 1474 1776 1503 uno
1817 1473 1903 1503 ore
1951 1456 2051 1503 Cu-

143 1560 321 1589 manos
360 1544 629 1605 perhibent
672 1545 921 1591 Tartaros
965 1546 1222 1607 Kipzacos
1263 1545 1433 1602 fuisse,
1485 1546 1814 1608 linguamque
1862 1545 2052 1592 Cuma-

143 1632 311 1678 nicam
352 1632 654 1679 Tartaricae
697 1634 1022 1690 Dialectum;
1079 1634 1281 1681 certiori
1336 1643 1510 1681 tamen
1560 1643 1675 1681 utar
1730 1641 2051 1696 argumento,

143 1720 396 1782 planeque
436 1722 542 1778 tali,
586 1722 722 1784 quod
763 1722 865 1768 vim
906 1722 1102 1768 afferat.
1146 1722 1393 1769 Triennio
1441 1723 1627 1769 abhinc
1680 1723 1835 1769 incidi
1887 1723 2052 1769 Vene-

143 1809 226 1854 tiis
265 1809 313 1854 in
358 1810 683 1857 Bibliotheca
725 1811 776 1858 S.
822 1811 986 1857 Marci
1028 1812 1077 1857 in
1119 1811 1367 1858 Codicem
1412 1812 1511 1858 Ms.
1549 1812 1599 1858 in
1622 1819 1727 1871 4to,
1757 1828 1889 1857 anno
1923 1826 2048 1870 1301

150 1897 310 1959 (sicl),
371 1899 410 1944 si
462 1899 590 1945 bene
651 1900 875 1956 memini,
937 1909 1219 1955 exaratum,
1275 1907 1429 1962 atque
1482 1900 1683 1962 linguae
1737 1900 2053 1947 Cumanicae

145 1986 559 2044 Vocabularium,
602 2005 889 2050 vocumque
921 1989 1320 2035 Cumanicarum
1363 1989 1752 2035 Declinationes
1794 1989 2050 2050 Coniuga—

144 2074 411 2136 tionesque
452 2076 757 2123 tradentem.
803 2078 881 2123 Ex
928 2077 1128 2123 indultu
1185 2077 1262 2123 Cl.
1318 2077 1525 2123 Antonii
1580 2077 1804 2134 Zanetti,
1862 2077 2053 2124 Biblio-

144 2163 326 2209 thecae
369 2165 638 2221 Praefecti,
681 2165 926 2227 exscripsi
967 2183 1028 2212 01(
1066 2183 1125 2212 00
1167 2166 1344 2212 codice
1397 2167 1649 2212 vocabula
1700 2167 1829 2213 bene
1875 2167 2052 2222 multa,

146 2259 194 2296 et
235 2251 406 2314 aliqua
449 2254 868 2300 Declinationum
911 2255 1449 2316 Coniugationumque
1492 2256 1874 2317 Paradigmata,
1919 2272 2054 2301 com-

147 2340 371 2402 perique,
415 2342 639 2404 linguam
682 2344 1023 2390 Cumanicam
1063 2361 1091 2390 a
1136 2344 1452 2405 Hungarica,
1498 2345 1788 2400 Slavonica,
1840 2345 2054 2391 Germa-

147 2430 278 2485 nica,
323 2432 644 2494 caeterisque
686 2433 869 2495 linguis
914 2433 1201 2495 Europaeis
1241 2442 1350 2479 toto
1392 2434 1536 2479 coelo
1577 2433 1769 2480 differe.
1818 2435 1886 2480 At
1932 2449 2054 2495 quo-

148 2519 281 2564 niam
336 2521 633 2566 aduersaria
691 2521 775 2567 illa
835 2538 948 2567 mea
1006 2521 1054 2567 in
1114 2521 1477 2568 Transilvania
1535 2522 1733 2583 reliqui,
1794 2520 2056 2583 specimen

149 2608 348 2669 linguae
417 2610 732 2656 Cumanicae
793 2628 850 2656 ex
915 2611 1041 2656 meis
1093 2611 1402 2657 aduersariis
1457 2611 1715 2672 deponere
1769 2628 1902 2657 nunc
1957 2628 2056 2656 non

148 2713 372 2757 possum.
416 2698 719 2759 Opportune
761 2707 935 2745 tamen
976 2699 1182 2755 accidit,
1226 2707 1279 2744 ut
1321 2716 1349 2745 a
1389 2699 1550 2745 celeb.
1598 2699 1825 2744 Kollario
1855 2698 2055 2760 accipe-

148 2801 253 2830 rem
295 2786 371 2831 his
412 2786 592 2832 diebus
634 2788 934 2834 Orationem
978 2788 1307 2834 Dominicam
1347 2788 1533 2834 veteris
1574 2788 1776 2849 linguae
1829 2787 2054 2833 cumani-

149 2890 255 2930 cae,
300 2874 394 2919 sibi
435 2892 463 2920 a
502 2876 608 2921 viro
649 2877 873 2937 quodam
914 2877 1046 2923 inter
1087 2877 1349 2923 Cumanos
1403 2876 1786 2938 spectatissimo
1839 2876 2056 2922 submis-

149 2979 274 3018 sam,
318 2972 467 3024 prout
508 2982 568 3010 ea
608 2965 655 3010 in
699 2966 886 3011 scholis
929 2966 1226 3012 Cumanicis
1267 2965 1522 3027 hodieque
1563 2966 1840 3011 memoriae
1875 2981 2058 3011 caussa

150 3100 183 3133 in
213 3101 373 3134 diversis
402 3102 577 3135 dialectis
605 3104 759 3137 turcicis
788 3104 925 3137 flavum
956 3104 1149 3148 significat
1180 3104 1243 3149 (cf.
1274 3105 1526 3149 hungaricum
1554 3104 1713 3150 mirga).
1745 3104 1855 3146 Quod
1894 3104 1943 3137 ad
1986 3103 2056 3136 for-

152 3177 250 3198 mam
281 3167 355 3205 kel,
386 3167 430 3200 cf.
460 3169 716 3211 mongolicum
742 3181 818 3209 ,ριν-
847 3170 1041 3209 «domus»,
1075 3170 1277 3207 «familia»,
1308 3170 1562 3213 hungaricum
1606 3170 1695 3213 hely
1740 3170 1904 3207 «locus»,
1947 3168 2057 3201 turci-

149 3242 232 3263 cum
263 3231 349 3269 ,‚1'l·‘
383 3233 542 3275 «regim».
573 3233 711 3266 Editor.
