2187 3652
1112 107 1183 133 LIV

196 220 406 265 KYSTRE
446 218 603 265 filium
644 219 814 282 JAPZA,
844 219 1054 265 TASTRA
1095 219 1255 265 filium
1284 219 1515 266 eiusdem
1542 221 1717 285 Japza,
1746 250 1813 254 —
1840 250 1906 254 -—
1935 251 2002 254 —
2029 250 2096 256 —-

195 308 333 353 Beke
389 307 545 353 filium
600 309 930 379 ALTHAssaRz.
970 337 1469 341 ——————
1484 329 1499 350 »
1549 310 1749 355 Nomen
1793 311 2097 356 MANTHULA

192 395 407 441 fortasse
459 413 518 441 ex
571 396 776 441 arabico
816 374 947 446 δᾹΜῙ
990 397 1362 457 «praestantior
1408 397 1527 459 ligni
1569 398 1822 460 agallochi
1864 399 2092 460 species»

191 484 551 545 depromptum
582 492 673 540 est,
704 483 765 529 cf.
790 483 1003 530 formam
1034 484 1286 545 persicam
1309 480 1461 532 adana.
1496 487 1552 531 In
1583 487 1863 548 diplomate
1893 487 2095 549 reginae

193 574 569 618 ELISABETHAE
622 573 684 618 de
737 589 869 618 anno
916 576 1061 634 1367,
1109 573 1191 620 die
1235 576 1296 621 28
1339 574 1528 636 Aprilis
1568 575 1873 636 capitaneus
1917 576 2098 621 KARLA

192 661 510 706 nominatur:
575 689 1067 696 ——————
1125 662 1264 709 «Sub
1317 663 1647 724 capitaneatu
1698 663 1947 728 Johannis
2010 663 2098 710 filii

192 749 443 810 Stephani
496 748 583 795 filii
628 750 808 795 KARLA
854 750 1111 812 capitanei
1159 751 1507 797 Comanorum
1555 760 1840 798 nostrorum
1889 768 2096 813 genera-

190 837 349 882 cionis
391 838 647 884 CHERTAN
701 839 1013 895 constitutiS,
1065 839 1358 900 specialiter
1398 840 1601 897 CHOBA,
1660 841 1840 897 UMUL,
1897 840 2095 898 OLAKA,

193 926 336 972 BESE
364 925 489 972 ἃς.»
540 927 595 972 In
638 927 921 989 diplomate
977 927 1201 989 quodam
1243 929 1305 974 de
1346 945 1480 975 anno
1526 943 1654 990 1325
1698 929 1906 975 nomina
1945 929 2097 975 trium

190 1015 437 1060 nobilium
464 1016 711 1079 Jazygum
740 1015 1150 1078 famulorumque
1204 1018 1353 1063 unius
1394 1018 1673 1064 eorundem
1715 1025 2093 1064 memorantur:

197 1103 442 1166 «Jazones
507 1103 641 1149 circa
708 1104 940 1150 Chabam
1002 1105 1201 1167 (hodiet
1270 1105 1393 1151 Pilis
1447 1105 1635 1168 Csaba)
1690 1114 2096 1152 commorantes:

191 1192 541 1250 CHAxTHARCH,
586 1195 789 1250 ΖυΒΑΚ,
834 1194 946 1240 Bm<
1005 1201 1055 1240 et
1119 1194 1366 1241 famulum
1431 1195 1682 1241 eiusdem·
1731 1196 2096 1241 KARACHINUM

190 1297 247 1326 ac
301 1281 567 1327 CHYWACH
608 1311 676 1314 —
715 1311 783 1315 —
823 1312 889 1316 —
930 1303 1038 1340 ——,»
1095 1282 1156 1329 cs.
1207 1299 1385 1329 vocem
1440 1284 1757 1345 cagataicam
1807 1277 1978 1357 &W-
2041 1285 2099 1330 In

189 1369 470 1431 diplomate
499 1371 630 1432 regis
659 1370 928 1417 STEPHANI
959 1372 1020 1418 V.
1052 1372 1113 1418 de
1143 1389 1276 1418 anno
1311 1374 1440 1419 1266
1464 1372 1648 1418 nobilis
1678 1372 1889 1435 quidam
1919 1389 2094 1418 cuma-

189 1475 283 1503 nus
328 1476 531 1505 «comes
573 1460 890 1506 PARAEUCH»
937 1462 1244 1518 nominatur,
1287 1461 1348 1508 cf.
1392 1461 1522 1508 chiv.
1554 1461 1634 1523 bag
1672 1461 1993 1523 «princeps».
2038 1462 2092 1507 In

190 1547 548 1609 antiquissimo
589 1548 871 1610 diplomate
912 1550 1101 1595 archivi
1161 1549 1486 1596 districtuum
1525 1551 1774 1614 Jazygum
1815 1557 1865 1596 et
1907 1550 2096 1596 Cuma-

192 1653 384 1693 norum,
426 1637 562 1698 quod
593 1637 820 1699 diploma
848 1655 981 1684 anno
1022 1654 1148 1698 1323
1181 1655 1266 1684 rex
1295 1640 1541 1685 CAROLus
1573 1639 1611 1685 I.
1637 1639 1791 1695 dedit,
1833 1638 2099 1700 sequentia

190 1725 395 1770 nomina
433 1726 680 1789 Jazygum
710 1727 1000 1788 conscripta
1029 1727 1378 1788 reperiuntur:
1428 1728 1673 1792 «Jazones
1703 1726 1880 1773 fideles
1908 1727 2095 1773 nostri:

192 1814 406 1859 LARZAN
460 1813 592 1860 filius
646 1815 853 1872 ZOKAN,
911 1816 1156 1862 IWACHAN
1210 1815 1342 1862 filius
1383 1815 1636 1872 TURDUH,
1689 1816 1912 1880 Jacobus
1964 1815 2097 1861 filius

195 1904 468 1961 KESKENE,
529 1904 789 1950 CHARETH
844 1903 976 1951 filius
1042 1907 1361 1961 AMBULTAN,
1423 1904 1718 1951 Demetrius
1777 1903 1844 1950 fil.
1889 1905 2097 1958 GUBUL,

191 1992 486 2054 Stephanus
517 1993 784 2049 BEEGZAN,
816 1994 1006 2039 Paulus
1037 1993 1169 2040 filius
1212 1994 1460 2050 Momm,
1502 1993 1734 2039 Andreas
1762 1992 1829 2038 fil.
1862 1993 2099 2039 (ῘΗΑΚΑΝ)

191 2081 439 2126 ZAKARAN
480 2089 529 2127 et
572 2082 824 2140 Georgius
864 2081 997 2128 filius
1049 2082 1299 2139 eiusdem,
1366 2082 1661 2128 Demetrius
1716 2080 1846 2127 filius
1901 2081 2098 2137 KEYAN,

164 2169 487 2231 .Stephanus
529 2169 662 2216 filius
694 2172 946 2217 KURMAN.
983 2172 1154 2227 Hom,
1184 2172 1382 2227 Anam,
1425 2170 1659 2217 Andreas
1699 2170 1832 2216 filius
1862 2171 2098 2226 ZUAGAN,

192 2258 374 2304 Zaduk
413 2258 481 2305 fil.
527 2260 767 2317 KALHEN,
810 2261 1063 2321 Georgius
1104 2260 1171 2306 fil.
1204 2262 1410 2317 MAGAR,
1442 2261 1624 2306 Petrus
1652 2259 1786 2305 filius
1816 2260 2092 2306 CHAMAZ.»

193 2346 308 2392 Filii
351 2347 399 2392 in
452 2347 548 2394 hac
602 2349 985 2395 nomenclatura
1034 2348 1140 2411 jam
1182 2349 1474 2395 nominibus
1520 2348 1811 2394 christianis
1851 2347 2097 2409 appellati

191 2443 321 2491 sunt,
376 2443 427 2482 at
480 2437 686 2482 nomina
738 2445 941 2499 patrum
995 2446 1209 2500 excepto
1264 2440 1469 2494 MAGAR,
1522 2437 1658 2499 quod
1713 2453 1829 2483 cum
1873 2437 2098 2482 MAGYAR

193 2523 327 2570 idem
370 2541 480 2570 esse
521 2525 733 2581 videtur,
775 2543 982 2587 prorsus
1023 2526 1245 2573 indolem
1288 2527 1576 2589 linguarum
1605 2524 2094 2572 turcicarum‘redo-

193 2613 310 2658 lent.
360 2613 415 2658 In
457 2614 831 2675 conscriptione
868 2616 1248 2676 possessionum
1290 2615 1687 2661 cumanicalium
1718 2613 1915 2659 sedium
1945 2612 2097 2672 stshse,

193 2699 494 2761 lxyszalaas,
558 2702 739 2764 Layas,
794 2703 1179 2749 tS'zabadsallaas
1230 2704 1292 2750 <le
1346 2721 1478 2749 anno
1536 2716 1665 2763 1557
1728 2703 1868 2748 locus
1920 2700 2096 2746 lx'czralz

197 2789 457 2849 «nigrum»
503 2798 551 2836 et
593 2792 861 2852 praedium
904 2792 1165 2849 Thadmzr,
1215 2785 1383 2866 (pluth
1421 2791 1702 2853 «lapides»)
1738 2796 2097 2844 memorantur,

192 2894 323 2938 quae
365 2878 570 2924 nomina
612 2880 836 2925 turcicae
878 2880 1083 2942 originis
1125 2898 1235 2926 esse
1277 2880 1488 2927 dubium
1530 2896 1627 2925 non
1662 2886 1755 2925 est.
1802 2879 1860 2923 In
1888 2894 2094 2924 nomen-

191 2965 384 3012 clatura
438 2967 785 3013 Cumanorum
839 2968 1088 3030 majorum
1144 2969 1279 3015 sedis
1324 2968 1587 3014 Koolbaaz
1628 2983 1761 3012 anno
1807 2980 1934 3027 1572
1978 2982 2094 3011 con-

193 3053 407 3114 scripta¹
430 3055 555 3100 haec
585 3073 790 3117 quoque
819 3056 919 3103 duo
949 3057 1155 3103 nomina
1184 3058 1409 3103 locorum
1440 3063 1720 3102 memorata
1756 3054 2092 3116 reperiuntur:

336 3188 634 3221 ¹‹1Summarius
674 3195 865 3222 extractus
908 3191 1211 3228 possessionum,
1253 3191 1486 3227 colonorum,
1516 3200 1712 3228 censuum,
1756 3187 2023 3227 Muneralium,
2059 3190 2096 3219 et

191 3250 349 3283 aliorum
389 3258 650 3294 proventuum,
693 3255 1019 3297 pertinentiarum,
1056 3256 1208 3288 Arcium
1238 3255 1451 3299 Agriensis,
1481 3261 1517 3287 et
1545 3253 1794 3292 Zarwaskew,
1824 3263 1868 3285 ac
1897 3251 2090 3297 Jazigum,
