2187 3652
1064 64 1201 90 XLVIII

184 179 531 222 MATTHAEUM
576 177 783 222 minime
825 184 1204 222 consentaneae
1246 185 1378 222 sunt.
1412 177 1680 224 Ecclesiae
1720 186 2082 239 protestantes,

182 265 253 310 uti
310 273 485 310 notum
539 274 633 321 est,
691 265 975 311 orationem
1031 264 1343 310 dominicam
1398 266 1682 311 secundum
1739 267 2084 313 MATTHAEUM

181 353 396 398 recitare
438 354 620 409 solent,
665 354 860 400 scilicet
902 370 1017 399 cum
1059 353 1296 399 vocibus:
1353 353 1502 414 «quia
1554 362 1698 400 tuum
1739 363 1817 401 est
1857 372 2084 417 regnum,

181 449 230 486 et
271 442 517 501 potentia,
562 450 611 488 et
651 442 826 503 gloria,
877 442 925 487 in
967 441 1189 487 saecula.
1246 443 1472 487 Amen»²
1525 443 1854 500 concludunt,
1908 459 2084 505 quarn-

180 529 355 573 ohrem
384 530 643 575 VAMBERY
672 531 953 576 orationem
983 537 1098 591 post
1139 537 1344 591 tempus
1384 529 1773 577 reformatorum
1804 548 1832 577 a
1861 531 2085 593 quodam

180 617 501 663 missionario
543 619 851 679 protestanti
893 619 941 663 in
976 618 1201 680 linguam
1247 619 1570 665 cumanicam
1601 636 1901 665 conversam
1943 620 2082 666 dicit.

180 707 262 761 At,
325 706 395 751 uti
455 706 691 761 vidimus,
759 723 911 752 voces
975 706 1163 752 citatae
1230 724 1344 752 curn
1409 708 1737 753 conclusione
1803 709 2085 755 secundum

182 795 527 841 ΜΑΤΤΗΑΕΗΜ
560 795 768 841 minime
799 795 1124 851 conveniunt,
1168 796 1387 857 ideoque
1429 804 1535 842 tota
1578 797 1804 858 sequela,
1843 814 1997 859 quam
2026 814 2084 843 ex

181 899 434 929 consensu
465 884 679 928 duorum
715 890 945 929 textuum
978 900 1158 945 reapse
1184 901 1281 929 non
1313 883 1549 930 existenti
1568 880 1826 931 VAMeE'RY
1854 885 2082 942 deduxit,

179 971 242 1016 ad
272 971 485 1017 nihilum
510 971 719 1027 recedit,
742 972 863 1033 quin
886 972 1043 1018 etiam
1067 972 1161 1018 hoc
1184 989 1436 1019 consensu
1461 973 1626 1034 posito
1650 973 1887 1035 equidem
1912 991 2086 1036 seque-

182 1060 283 1105 lam
309 1060 631 1121 praedictam
661 1061 818 1106 talem
848 1061 1100 1115 existimo,
1126 1077 1185 1106 ac
1215 1061 1374 1123 siquis
1404 1078 1464 1107 ex
1492 1063 1820 1108 conclusione
1843 1063 2087 1109 orationis

179 1148 539 1209 Tungusorum
606 1148 998 1195 ochockicorum
1053 1149 1335 1195 secundum
1396 1151 1715 1212 evangelium
1784 1153 2082 1198 MATTHJEI:

176 1241 290 1283 'Nini
314 1241 466 1283 Xi'uuffl
490 1239 867 1295 ‹51‘1111H11iiachsso
903 1247 999 1284 etc.
1044 1238 1394 1299 suspicaretur
1433 1255 1519 1284 eos
1560 1247 1907 1300 protestantes
1948 1257 2077 1286 esse.

184 1327 371 1372 «Pater
410 1335 610 1372 noster»
658 1326 960 1372 kazanicum
1016 1326 1064 1372 in
1107 1326 1424 1372 catechismo
1476 1327 1540 1372 ab
1593 1344 1726 1373 anno
1784 1330 1913 1374 1868
1968 1345 2082 1375 cum

177 1415 442 1461 vocabulis
478 1415 655 1461 Ssuelee
684 1415 910 1478 palshlb'lc
937 1424 1034 1461 etc.
1079 1415 1397 1471 terminatur,
1441 1416 1529 1461 sed
1560 1416 1654 1462 hoc
1685 1417 1809 1462 nihil
1851 1417 2081 1479 impedit,

177 1504 450 1566 quominus
491 1521 549 1550 ea
591 1504 879 1551 Turcarum
921 1504 1285 1551 kazanicorum
1314 1521 1447 1566 pars,
1485 1522 1616 1567 quae
1647 1506 2083 1553 christianismum

177 1593 367 1654 adepta
422 1601 514 1649 est,
572 1593 821 1640 ecclesiae
874 1594 1108 1640 orientali
1167 1610 1382 1655 graecae
1436 1610 1633 1640 annexa
1686 1595 1761 1641 sit.
1818 1595 2083 1656 Quasdam

178 1682 422 1727 orationis
479 1700 632 1729 voces
690 1684 949 1729 VAMBERY
1007 1682 1199 1744 optime
1271 1682 1636 1743 interpretatur
1706 1698 1746 1728 1.
1811 1682 2085 1729 sentldstccin

185 1770 592 1818 «sanctificetur»
638 1790 698 1818 ex
738 1772 1019 1834 hungarico
1060 1770 1315 1833 adjectivo
1354 1777 1487 1816 sgem‘
1532 1780 1829 1818 «sanctum»
1887 1771 2098 1819 deriva:

178 1867 285 1904 tum
327 1859 467 1916 dicit,
512 1860 601 1906 sed
643 1861 723 1906 hic
767 1869 972 1917 annoto,
1015 1868 1130 1906 octo
1172 1859 1483 1921 exemplaria
1523 1876 1551 1905 a
1577 1860 1782 1924 JERNEY
1822 1860 2083 1922 publicata

177 1947 393 1993 formam
433 1965 542 1994 „scen
584 1949 823 1995 exhibere
865 1958 915 1996 et
956 1948 1221 1995 suffixum:
1263 1948 1313 1993 la
1354 1948 1600 2009 scriptum
1642 1965 1770 2005 esse,
1814 1949 2082 1995 verborum

177 2036 313 2082 enim
355 2037 853 2084 denominativorum
908 2038 1218 2084 turcicorum
1272 2036 1507 2083 suffixum
1549 2036 1612 2091 la,
1653 2036 1705 2082 ld
1755 2045 1804 2083 et
1857 2055 1957 2084 non
1996 2038 2083 2095 las,

175 2125 251 2170 llis
291 2133 454 2183 sonat,
498 2126 632 2188 quod
676 2127 911 2173 ultimum
960 2135 1079 2173 tunc
1134 2134 1335 2173 tantum
1390 2133 1682 2186 usurpatur,
1739 2143 1895 2188 quum
1948 2127 2084 2173 actio

178 2214 438 2276 reciproca
479 2214 809 2276 significatur,
854 2233 896 2262 e.
939 2232 984 2277 g.
1027 2215 1327 2261 dostlasvamk
1388 2213 1724 2276 «conjungere
1773 2216 2080 2273 amicitias»,

178 2332 243 2335 —
296 2304 616 2365 cagataicum
662 2303 984 2366 s'czk‘cllcrs“272cvk
1041 2322 1123 2351 «se
1166 2304 1382 2350 invicem
1424 2318 1515 2364 per
1555 2303 1742 2349 collum
1795 2304 2078 2365 corripere»

177 2400 273 2437 etc.
319 2407 363 2438 2.
405 2392 646 2438 doenum
687 2394 947 2440 VAMBERY
986 2393 1222 2455 apposite
1272 2409 1389 2439 cum
1429 2394 1585 2439 verbo
1626 2393 1821 2438 turcico
1850 2393 2082 2439 orientali

177 2479 374 2524 lz't'smdk
419 2481 712 2526 «ordinare»
759 2489 1025 2543 comparat
1066 2490 1116 2527 et
1156 2481 1235 2527 hic
1289 2491 1495 2539 annoto,
1551 2483 1600 2528 in
1649 2499 1771 2528 voce
1813 2481 2085 2529 cumanica

177 2575 204 2610 ὼ·
242 2567 352 2611 loco
394 2575 424 2612 π’
464 2569 714 2627 &agataici
757 2570 1004 2631 scriptum
1046 2586 1157 2615 esse
1188 2586 1234 2629 3.
1266 2569 1446 2616 leziklon
1475 2588 1609 2627 vero,
1640 2571 1776 2632 quod
1806 2571 1855 2616 in
1884 2578 2082 2632 quarto,

177 2656 356 2716 quinto
397 2666 445 2701 et
487 2664 668 2702 octavo
709 2658 1021 2719 exemplario
1062 2658 1348 2704 doctissimi
1388 2660 1592 2723 JERNEY
1620 2659 1795 2705 haldan
1836 2659 2082 2720 scriptum

176 2745 439 2805 reperitur,
484 2746 676 2791 turcico
717 2764 787 2792 or.
830 2747 1016 2809 lcc'ingsll
1051 2756 1315 2809 conparat,
1359 2748 1496 2809 quod
1526 2749 1731 2810 proprie
1760 2748 2077 2793 voluntatem

178 2832 513 2889 significabat,
543 2864 608 2867 —
638 2836 792 2881 etiam
837 2836 916 2881 hic
961 2838 1393 2897 permutationem
1436 2836 1688 2883 vocalium
1718 2844 1746 2881 ὅ
1771 2845 1819 2881 et
1850 2842 1881 2880 22·
1908 2836 2081 2881 obser-

176 2938 355 2965 vamus
395 2937 442 2980 4.
486 2922 721 2984 πίίςιίζςῑίι
763 2923 888 2984 prof.
922 2924 964 2970 V
969 2929 1179 2970 AMiffl'RY
1219 2932 1358 2970 recte
1388 2942 1504 2970 cum
1533 2925 1727 2971 turcico
1768 2942 1837 2970 or.
1870 2923 2082 2969 m'cydkim

176 3010 490 3069 conparavit,
533 3010 594 3055 cf.
637 3004 912 3079 &seb-sub
940 3012 1076 3074 apud
1121 3013 1294 3060 PAVET
1334 3013 1396 3060 de
1438 3014 1799 3071 Counrmmns,
1843 3011 2082 3058 nezikkim

321 3198 330 3212 ¹
358 3193 451 3238 (lap.
482 3194 514 3226 6.
544 3206 577 3227 v.
613 3205 664 3237 13.
