2187 3652
1063 134 1165 160 CXIV

153 246 485 308 sequentibus
525 245 720 291 suffixis
762 246 1027 292 formatur:
1089 261 1129 291 Ι.
1184 245 1286 290 dur
1334 245 1513 304 (dar),
1563 263 1606 292 e.
1660 264 1705 309 g.
1747 247 2066 311 javdurdz'ng

159 333 477 379 «donavisti»
524 350 638 394 pag.
690 349 801 392 140.
848 350 872 380 2
915 340 971 378 ἲν.
1012 334 1125 393 (ἰν)
1165 351 1201 379 e.
1228 351 1274 396 g.
1317 333 1567 396 tatirding
1594 342 1832 395 «gustare
1861 335 2055 381 fecisti»

153 437 266 482 pag.
315 436 426 481 140.
470 437 516 480 3.
557 420 652 475 Ην,
694 420 778 466 kz'r
813 438 856 466 e.
898 437 943 482 g.
974 420 1211 484 jetkz'rgil
1250 422 1544 482 «pervenire
1597 421 1675 468 fac
1692 442 1707 463 »
1765 439 1879 484 pag.
1943 439 2056 484 141.

152 525 198 568 4.
233 525 343 570 gns,
375 515 472 571 gila
511 526 553 555 e.
596 525 642 571 g.
685 508 969 571 oltmgruzdz'
1012 509 1218 555 «sedere
1260 508 1410 555 fecit»
1457 509 1664 556 ibidem.

901 739 980 784 De
1022 738 1306 785 AdverbiiS.

296 862 609 908 Adverbium
661 861 778 923 alas,
835 861 908 906 ali
964 862 1031 923 (in
1077 870 1254 923 «pater
1305 870 1505 907 noster»
1568 863 1833 908 Kunszent
1878 862 2060 908 Miklo-

156 951 326 1013 siensi)
374 968 431 997 ex
473 950 644 996 radice
687 949 1024 1011 pronominali
1064 966 1128 994 cm
1169 958 1219 995 et
1260 949 1511 1010 particula
1551 950 1953 1012 comparationis
1992 950 2068 1012 laj

155 1039 293 1101 (laj)
346 1038 624 1085 conflatum
677 1046 770 1095 est,
831 1037 892 1083 cf.
947 1037 1190 1084 adverbia
1245 1037 1506 1084 Kazanica
1555 1037 1676 1100 alas,
1729 1038 1865 1101 bdaj,
1917 1038 2064 1101 s'ulaj,

155 1127 335 1189 §affilas
388 1128 541 1184 «ita»,
589 1127 745 1173 «sic»,
800 1157 866 1160 —
917 1126 1239 1172 Terminatio
1293 1127 1651 1173 nonnullorum
1704 1127 2064 1174 adverbiorum

156 1215 297 1271 clzcle,
348 1233 501 1278 quam
556 1215 970 1261 terminationem
1028 1216 1175 1261 BLAU
1231 1215 1399 1261 minus
1454 1222 1590 1261 recte
1651 1214 1797 1260 chelle
1861 1216 2065 1277 scripsit

165 1305 475 1365 (KLAPROTH
518 1312 656 1350 recte
696 1303 822 1350 claele
862 1303 1059 1365 habet),
1102 1304 1294 1365 optime
1336 1321 1451 1350 cum
1495 1304 1869 1365 postpositione
1916 1307 2062 1367 caga-

162 1393 297 1438 taica
336 1392 464 1455 gilas·
501 1393 755 1450 convenit,
800 1410 844 1439 e.
886 1408 931 1454 g.
974 1392 1079 1438 berc
1113 1391 1240 1438 cltele
1284 1392 1579 1439 «firmiter».

539 1624 915 1670 Annotationes
955 1624 1019 1670 ad
1060 1624 1314 1686 syntaxim
1356 1624 1687 1685 pertinentes.

297 1748 588 1810 Scriptores
628 1748 820 1794 codicis
859 1749 1085 1795 extranei
1127 1747 1542 1810 conjunctionem
1584 1748 1849 1794 relativam
1890 1756 2066 1795 contra

160 1852 307 1881 usum
350 1837 634 1899 linguarum
676 1837 986 1883 turcicarum
1029 1854 1275 1900 perquam
1318 1853 1472 1898 saepe
1513 1844 1633 1883 tunc
1675 1853 1878 1899 quoque
1926 1854 2064 1883 usur-

161 1924 369 1985 pabant,
425 1942 581 1988 quum
632 1943 691 1972 ea
743 1925 791 1972 in
839 1926 1064 1972 dictione
1122 1925 1318 1972 turcica
1372 1925 1570 1971 solicite
1622 1925 1862 1971 evitanda
1913 1933 2065 1983 esset,

160 2014 229 2059 ita
270 2031 312 2060 e.
355 2031 400 2075 g.
445 2014 494 2060 in
541 2014 768 2061 secunda
821 2014 1015 2061 codicis
1069 2022 1213 2077 parte
1271 2013 1561 2059 Christusne
1609 2013 1764 2059 kufan
1814 2014 2076 2077 luurdng

160 2102 406 2163 scriptum
448 2103 712 2164 reperitur,
756 2120 845 2164 pro
885 2120 986 2166 quo
1026 2103 1075 2149 in
1117 2103 1164 2149 d.
1208 2103 1474 2165 cagataica
1512 2101 1772 2148 clzrz'stosniz'
1803 2102 2068 2166 tugdirgac',

160 2192 208 2236 in
250 2190 297 2236 d.
341 2190 587 2238 kazanica
633 2191 912 2237 Clam'stosm·
948 2191 1495 2254 tz'mz'b'rgczc'dicendum
1526 2191 1606 2237 sit.
1639 2191 1882 2238 Ceterum
1913 2191 2068 2238 etiam

160 2281 208 2325 in
251 2280 428 2326 codice
470 2280 741 2327 cumanico
782 2297 1062 2342 pronomen
1104 2280 1190 2326 rel.
1234 2287 1284 2326 et
1325 2278 1621 2341 conjunctio
1663 2280 1876 2326 relativa
1915 2296 2068 2341 saepe

161 2368 352 2415 evitata
392 2378 441 2415 et
481 2386 570 2430 per
609 2369 737 2415 alios
777 2369 958 2416 modos
999 2369 1237 2430 suppleta
1277 2376 1408 2425 sunt,
1440 2386 1482 2414 e.
1513 2384 1557 2429 g.
1585 2367 1949 2431 bz'lz'nmagannz'
1985 2367 2070 2414 bil-

160 2457 299 2502 de'rdz‘
341 2466 547 2504 «notum
589 2457 725 2515 fecit,
769 2458 905 2520 quod
947 2458 1176 2519 ignotum
1234 2457 1379 2514 fuit»,
1436 2486 1503 2490 —-
1560 2456 1742 2519 erning
1775 2455 1941 2519 juz‘un
1991 2455 2082 2502 lcec'

162 2546 430 2609 kormagan
471 2554 568 2593 etc.
612 2564 774 2609 «quae
816 2563 1078 2609 nunquam
1118 2546 1279 2592 virum
1321 2553 1583 2592 noverat».
1615 2544 1890 2607 Conjuctio
1918 2543 2071 2605 quod,

163 2640 216 2679 nl
256 2635 303 2680 in
351 2635 661 2681 dictionibus
702 2635 1038 2698 sequentibus
1080 2651 1168 2696 per
1208 2634 1645 2681 constructionem
1686 2633 1879 2680 formae
1931 2632 2070 2679 verbi

163 2723 470 2769 indicativae
512 2741 627 2769 cum
657 2723 903 2785 gerundio
931 2723 1020 2785 clep
1053 2723 1292 2769 «dicens»
1325 2723 1403 2768 vel
1433 2722 1736 2783 imperativo
1765 2720 2070 2783 conjunctae

164 2812 400 2872 suppleta
455 2820 554 2857 est:
605 2811 684 2858 ki:
733 2811 933 2857 amadan
978 2811 1067 2874 dep
1125 2810 1284 2856 lifredi
1340 2810 1602 2856 «dicentes
1659 2809 1986 2870 (Christum)
2043 2826 2072 2856 a

163 2909 323 2946 matre
363 2900 553 2963 virgine
595 2909 771 2946 natum
812 2917 976 2957 esse»,
1022 2929 1086 2932 —-
1124 2899 1288 2962 tengm'
1330 2898 1438 2944 seni
1471 2898 1737 2962 soyulgadi
1783 2898 2073 2957 (Julumaffl)

163 2988 240 3034 bol
274 2988 363 3047 des>
402 2989 550 3034 (masi
592 2990 768 3035 «Deus
810 2989 901 3035 tibi
943 2988 1065 3034 favit
1105 2988 1283 3034 dicens
1322 2986 1534 3049 sisfilio
1574 3004 1674 3032 meo
1726 2992 1884 3032 maier
1937 2987 2068 3048 (pag.

170 3078 325 3138 151.).
372 3078 542 3123 Etiam
586 3077 711 3123 ordo
750 3078 1018 3123 verborum
1060 3077 1109 3122 in
1150 3077 1245 3122 hoc
1287 3076 1464 3122 codice
1505 3075 1641 3121 haud
1671 3075 1740 3121 ita
1769 3092 1881 3122 raro
1909 3075 2070 3121 inver-

165 3183 250 3210 sus
290 3174 382 3222 est,
426 3183 467 3211 e.
510 3183 555 3225 g.
599 3173 771 3228 manga
820 3166 929 3212 tine?
973 3165 1219 3230 homa-{ing
1251 3165 1328 3210 eri
1351 3165 1461 3229 jerc'
1510 3164 1799 3229 art'lczrning
1832 3181 1922 3228 pro
1975 3164 2071 3210 ari-

164 3253 370 3319 larning·
390 3253 499 3319 jesi
536 3271 649 3319 pag.
699 3270 810 3317 142.
