2187 3652
228 166 327 212 1301

227 255 341 301 1303

224 431 343 477 ludo

224 519 318 565 lusi

224 607 339 653 lude

223 694 372 741 ludus

222 871 521 918 lamentatio

224 960 367 1006 labor

229 1048 427 1111 lusinga

223 1137 305 1183 lux

223 1226 343 1272 lima

224 1315 332 1361 laus

225 1493 407 1554 loquor
519 1552 522 1555 ι

226 1582 426 1628 locutus
465 1580 534 1626 fui
549 1586 564 1608 ⁴

226 1671 434 1732 loquere
482 1669 572 1731 (sie
592 1669 620 1731 1)

227 1759 450 1821 loquella

224 1936 302 1983 130

227 2024 418 2071 lectum

227 2113 437 2160 libertas

227 2202 409 2265 loguus
456 2202 546 2264 (510
566 2202 596 2263 1)

222 2361 460 2423 lanpauit

1157 55 1202 88 34

795 172 969 210 susten

792 252 931 298 bsuir
977 252 1067 311 (510
1089 252 1116 309 ἶ)

790 428 904 475 bazi
946 444 1215 475 mecunem

788 517 902 563 bazi
944 516 1186 563 cherdem

788 606 901 651 bazi
943 623 1057 652 curn
1107 604 1248 665 (5101)

792 693 902 740 bazi

785 871 940 932 gillay

784 966 1024 1021 xaamety

788 1153 881 1182 HUI‘

792 1241 915 1271 soan

787 1313 909 1360 doa³

789 1491 998 1537 sochom
1039 1483 1269 1551 megoEm

794 1578 1002 1626 sochom
1043 1578 1236 1640 gustem

787 1667 967 1714 sohom
1007 1668 1140 1729 bugo

791 1757 1026 1803 sochom⁵

790 2362 910 2408 bare
950 2361 1193 2409 xandast⁶

1421 163 1619 224 juudun

1425 258 1502 312 JU¹

1427 444 1703 489 oynarmen

1427 516 1709 577 oynardum
1758 516 1847 576 (sic
1868 516 1896 576 1)

1425 605 1627 667 oynagss

1428 699 1555 754 oyn²

1424 1490 1705 1536 soslarmen

1424 1579 1686 1625 sosladum

1423 1667 1626 1729 soslagil

1426 1756 1680 1803 soslamac

1427 2362 1630 2423 giltradi

367 2528 377 2544 1
407 2517 643 2552 «Mesuiren»
674 2524 746 2551 etc.
776 2529 895 2561 usque
922 2518 973 2551 ad
1000 2518 1158 2550 formam
1177 2518 1234 2561 ju
1262 2523 1398 2561 quarta
1426 2528 1562 2550 manus
1590 2518 1800 2550 annotavit.

367 2598 379 2612 2
407 2589 536 2628 Miror,
559 2589 863 2622 KLAPROTHum
885 2588 935 2621 ad
955 2588 1305 2632 interpretationem
1335 2588 1526 2621 notissimi
1547 2588 1649 2621 verbi
1676 2588 1874 2632 os'namak
1891 2598 1965 2620 non
1985 2598 2029 2621 ex
2046 2597 2130 2631 pro-

227 2660 394 2703 pioribus
423 2660 610 2699 dialectis,
642 2660 709 2693 sed
737 2671 780 2693 ex
809 2659 955 2693 Siberia
982 2660 1273 2704 respondentem
1302 2659 1462 2692 formam
1492 2659 1712 2692 adduxisse.

368 2740 381 2762 3
412 2731 578 2775 «Gillay»
621 2736 693 2765 etc.
736 2738 872 2775 quarta
913 2743 1049 2764 manus
1085 2731 1293 2764 annotavit.
1340 2731 1501 2763 KLAPR.
1547 2742 1579 2764 v.
1621 2730 1754 2774 gl'llcly
1807 2741 1892 2763 cum
1951 2715 2043 2763 ὦ
2097 2734 2133 2762 et

228 2803 415 2845 xaamesy
458 2813 542 2835 cum
608 2811 750 2866 ῳ)
812 2802 993 2836 arabicae
1021 2802 1179 2846 originis
1207 2802 1460 2845 comparauit.
1506 2802 1668 2837 Sam:
1696 2785 1872 2858 00²7*
1928 2800 2039 2842 Quod
2083 2800 2134 2833 ad

228 2873 385 2906 formam
437 2874 523 2912 doa,
569 2874 729 2907 KLAPR.
772 2884 837 2917 pro
887 2885 931 2906 ea
971 2873 1067 2906 13150
1109 2884 1176 2906 soa
1229 2872 1361 2912 edidit,
1407 2878 1443 2906 et
1483 2873 1580 2906 hanc
1635 2873 1792 2905 formam
1850 2883 1934 2905 cum
1979 2871 2133 2904 arabico

227 2964 318 3001 &si-2:2¹«
345 2968 579 3011 comparavit
611 2966 709 3011 (dua
728 2989 767 3003 2
792 2935 897 3002 {Ces
937 2959 1138 3012 ἐυλογία).

369 3059 382 3079 4
413 3050 521 3083 «Fui»
551 3051 627 3083 alia
655 3062 790 3084 manus
817 3051 1027 3084 annotavit.

367 3129 380 3153 5
407 3122 560 3178 03³⁴*
589 3133 715 3156 «vox».

372 3193 387 3217 6
415 3192 455 3226 In
484 3192 649 3227 editione
677 3193 839 3226 KLAPR.
871 3193 966 3227 13150
994 3193 1091 3226 bare
1115 3194 1268 3226 andast
1291 3193 1440 3236 legitur.
