2187 3652
1015 111 1183 137 CXXVIII

153 234 440 273 atramento
496 227 638 286 nigro
688 223 992 284 conscripsit
1045 239 1090 284 7.
1145 224 1307 269 oratio
1359 223 1633 278 dominica,
1685 239 1837 284 quam
1891 223 2053 283 prima

156 333 334 363 manus
376 314 631 363 secundae
672 313 865 358 codicis
918 311 1076 372 partis
1128 310 1333 372 scripsit
1384 313 1429 356 8.
1484 311 1844 356 annotationes
1889 327 2052 371 gram-

155 406 420 452 maticales
478 419 637 464 usque
689 400 752 446 ad
811 416 924 462 pag.
985 414 1078 460 137
1132 415 1312 444 manus
1364 415 1543 459 parum
1595 398 1875 444 exercitata
1933 415 2052 444 con-

153 494 354 555 scripsit
395 508 440 552 9.
485 490 742 536 orationes
781 488 844 534 ad
887 495 1117 533 sanctam
1160 487 1436 549 Virginem,
1480 504 1609 548 quae
1639 486 1890 547 scriptura
1918 486 2055 532 haud

155 583 225 628 ita
266 582 400 627 mala
434 578 754 638 conscriptae
797 584 913 622 sunt
960 591 1035 622 Io.
1079 575 1331 637 scriptura
1372 574 1659 620 minuscula
1694 589 1769 620 11.
1807 574 2058 635 scriptura

154 672 382 716 ANTONII
424 669 486 714 (lc
529 669 733 713 FINALE
779 681 855 712 12.
899 664 1151 725 scriptura
1191 663 1434 709 deformis
1475 670 1524 708 et
1576 662 1764 723 passim
1804 662 1887 708 vix
1937 661 2057 724 legi-

155 759 269 804 bilis
315 773 390 816 13.
434 756 684 816 scriptura
724 753 990 815 legibilior,
1034 751 1248 797 fortasse
1290 751 1454 812 prima
1494 767 1676 796 manus
1722 766 1798 811 14.
1837 751 2057 813 denique

156 847 405 908 scriptura
445 843 636 906 passim
676 842 757 888 vix
798 840 1015 902 legibilis
1073 839 1222 886 unius
1276 839 1579 900 scriptorum
1632 839 2055 900 germanicorum.

159 937 273 982 Hoc
333 934 538 980 demum
587 937 889 977 annotatum
944 929 1075 985 volo,
1129 928 1178 973 in
1231 927 1395 989 prima
1446 926 1639 973 codicis
1692 934 1837 989 parte
1895 927 2057 973 multa

158 1023 409 1070 vocabula
450 1037 564 1066 cum
594 1037 615 1064 c
639 1019 717 1064 vel
758 1017 809 1063 cla
852 1017 1118 1078 incipiunt,
1161 1032 1294 1078 quae
1335 1016 1384 1061 in
1414 1015 1640 1061 secunda
1669 1023 1812 1077 parte
1840 1015 1937 1061 litt.
1968 1015 2060 1061 ini-

156 1113 328 1159 tialem
369 1110 399 1156 lc
438 1109 646 1155 habent.
702 1107 734 1151 l
768 1105 963 1152 initiale
1004 1105 1053 1150 in
1094 1104 1257 1165 prima
1299 1111 1443 1165 parte
1491 1120 1581 1164 per
1609 1121 1646 1165 y
1685 1104 2058 1161 transcribitur,

157 1203 205 1247 in
236 1198 462 1246 secunda
491 1204 664 1243 autem
694 1195 887 1242 codicis
916 1201 1059 1255 pasto
1075 1193 1109 1255 j
1133 1200 1363 1254 apparet.
1389 1191 1625 1254 Denique
1648 1192 1697 1237 in
1729 1192 1892 1253 prima
1921 1192 2058 1239 codi—
2118 1217 2120 1220 >

158 1292 230 1337 cis
272 1295 415 1350 parte
457 1287 625 1332 littera
666 1289 701 1341 ὅ,
744 1283 1044 1345 praesertim
1086 1282 1231 1328 initio
1270 1281 1522 1337 vocabuli,
1578 1298 1691 1327 raro
1732 1281 1969 1338 occurrit,
2012 1281 2060 1326 in

158 1378 383 1426 secunda
424 1382 568 1437 parte
610 1392 635 1420 e
676 1372 931 1420 contrario
972 1371 1271 1432 saepissime
1313 1370 1501 1431 scripta
1542 1378 1635 1416 est.

302 1467 359 1512 In
399 1465 562 1526 prima
617 1461 809 1509 codicis
856 1469 999 1522 parte
1040 1459 1290 1506 vocabula
1330 1476 1446 1506 cuni
1488 1459 1583 1504 litt.
1626 1476 1656 1504 a
1696 1459 1992 1520 incipientia
2033 1475 2062 1504 a

159 1573 271 1618 pag.
321 1570 362 1600 1.
406 1568 566 1614 usque
607 1551 671 1597 ad
713 1566 827 1612 pag.
871 1566 916 1609 9.
960 1549 1212 1610 leguntur,
1621 1539 1633 1550 “

300 1642 551 1689 vocabula
592 1640 688 1686 litt.
730 1639 755 1685 l)
796 1655 909 1701 pag.
954 1655 1000 1698 9.

301 1730 552 1777 vocabula
593 1729 688 1775 litt.
729 1745 751 1774 c
787 1745 816 1773 a
859 1744 970 1788 pag.
1020 1742 1096 1772 Io.
1142 1742 1304 1787 usque
1345 1725 1408 1771 ad
1450 1741 1563 1785 pag.
1612 1740 1689 1786 17.

301 1819 552 1865 voeabula
592 1818 688 1863 litt.
730 1816 766 1862 d
800 1833 829 1862 a
869 1832 982 1877 pag.
1032 1830 1108 1876 17.
1152 1832 1314 1876 usque
1354 1814 1417 1860 ad
1460 1830 1573 1875 pag.
1619 1829 1699 1861 21.

301 1907 552 1954 vocabula
592 1906 687 1951 litt.
728 1922 751 1950 e
790 1922 820 1951 a
860 1920 973 1966 pag.
1019 1919 1099 1951 21.
1144 1920 1306 1965 usque
1346 1903 1410 1948 ad
1452 1919 1564 1963 pag.
1611 1918 1690 1962 24.

303 1996 553 2042 vocabula
592 1993 760 2056 litt.s
791 2010 819 2039 a
860 2009 973 2054 pag.
1019 2008 1099 2052 24.
1144 2008 1305 2054 usque
1346 1991 1408 2037 ad
1452 2007 1566 2052 pag.
1611 2007 1635 2038 2
1683 2029 1691 2036 .

303 2085 552 2132 vocabula
593 2084 688 2130 litt.
723 2100 761 2146 g·
795 2100 824 2129 a
864 2099 978 2143 pag.
1026 2095 1104 2141 27.
1149 2098 1311 2143 usque
1353 2081 1417 2127 ad
1458 2097 1572 2142 pag.
1620 2081 1698 2127 28.

303 2173 554 2221 vocabula
596 2173 690 2218 litt.
733 2171 763 2217 lc
806 2188 918 2233 pag.
966 2172 1044 2217 28.

303 2262 553 2309 vocabula
593 2261 688 2307 litt.
719 2260 753 2323 j
789 2278 818 2306 a
858 2276 971 2321 pag.
1018 2275 1096 2319 29.
1142 2276 1302 2320 usque
1343 2257 1406 2303 ad
1450 2274 1562 2319 pag.
1606 2272 1687 2316 32.

305 2350 554 2397 vocabula
595 2350 688 2395 litt.
731 2348 753 2394 l
789 2364 902 2410 pag.
947 2364 1028 2406 32.

304 2439 554 2486 vocabula
594 2439 688 2484 litt.
731 2455 777 2483 m
817 2455 845 2484 a
885 2454 998 2498 pag.
1042 2453 1124 2496 32.
1168 2453 1328 2498 usque
1370 2435 1433 2481 ad
1474 2452 1587 2496 pag.
1631 2449 1712 2495 35.

306 2529 555 2575 vocabula
596 2528 691 2574 litt.
736 2544 766 2572 n
807 2544 835 2573 a
877 2543 989 2588 pag.
1034 2542 1116 2587 35.
1162 2542 1322 2588 usque
1364 2525 1427 2570 ad
1470 2541 1582 2586 pag.
1627 2525 1708 2582 38.

308 2618 557 2664 vocabula
598 2617 692 2662 litt.
736 2633 760 2661 0
800 2633 828 2661 a
870 2632 983 2677 pag.
1028 2617 1109 2673 38.
1155 2632 1315 2677 usque
1356 2613 1420 2660 ad
1462 2629 1575 2674 pag.
1619 2627 1701 2672 40.

307 2706 557 2752 vocabula
598 2706 693 2751 litt.
728 2711 765 2766 p
805 2722 833 2751 a
874 2721 986 2765 pag.
1030 2719 1113 2763 40.
1158 2720 1320 2765 usque
1363 2701 1425 2748 ad
1468 2717 1581 2762 pag.
1625 2715 1707 2760 44.

310 2794 559 2840 vocabula
601 2794 695 2840 litt.
739 2810 766 2854 c]
807 2810 919 2855 pag.
963 2808 1046 2851 44.

310 2883 560 2928 vocabula
601 2883 695 2929 litt.
740 2899 767 2927 ν
803 2899 832 2927 a
873 2898 986 2942 pag.
1030 2894 1112 2940 45.
1158 2897 1318 2942 usque
1358 2879 1421 2925 a‹l
1465 2894 1577 2939 pag.
1622 2893 1703 2936 49.

309 2972 559 3017 vocabula
600 2972 692 3017 litt.
734 2989 757 3015 s
796 2988 824 3016 a
866 2986 977 3031 pag.
1021 2986 1102 3029 49.
1147 2986 1308 3031 usque
1349 2969 1412 3014 ad
1454 2984 1567 3028 pag.
1613 2979 1692 3026 54.

312 3061 562 3106 vocabula
604 3061 697 3106 litt.
741 3065 760 3104 l
798 3077 826 3105 a
868 3076 981 3121 pag.
1028 3074 1107 3119 54.
1154 3075 1313 3120 usque
1354 3057 1418 3102 ad
1462 3072 1573 3117 pag.
1620 3057 1699 3115 56.

308 3150 558 3196 vocabula
599 3150 694 3196 litt.
738 3165 763 3194 ε)
802 3165 830 3193 a
871 3164 983 3211 pag.
1029 3150 1109 3209 56.
1154 3163 1315 3210 usque
1356 3145 1420 3192 ad
1483 3160 1597 3206 pag.
1655 3157 1717 3206 59
1786 3140 2073 3203 conscripta

173 3238 507 3300 reperiuntur.
