2187 3652
570 767 1484 837 PROLEGOMENA.

1015 949 1051 994 I.

217 1071 393 1117 Codex
453 1071 1186 1131 latino-persico-cumanicus,
1252 1090 1403 1133 quem
1470 1090 1601 1117 nunc
1659 1074 1877 1134 primum
1920 1092 1980 1119 ex

74 1159 269 1220 integro
311 1159 409 1204 luci
452 1158 688 1219 publicae
729 1159 927 1215 (lamus,
972 1160 1020 1205 in
1061 1161 1294 1222 catalogo
1343 1161 1579 1206 codicum
1633 1161 1977 1207 bibliothecae

74 1247 138 1293 ad
180 1248 430 1308 templum
471 1247 572 1293 divi
605 1250 780 1293 MARCI
804 1249 1137 1295 Venetiarum
1179 1249 1392 1295 consilio
1433 1257 1481 1295 et
1517 1249 1686 1296 labore
1717 1249 1976 1311 quondam

72 1335 389 1381 celeberrimi
431 1336 581 1398 hujus
621 1336 965 1382 bibliothecae
1006 1337 1249 1398 praefecti
1298 1339 1528 1384 ANTONH
1578 1339 1814 1384 ZANETTI
1858 1355 1976 1384 con-

73 1424 266 1486 scripto
307 1424 378 1470 sic
420 1425 640 1471 breviter
679 1425 908 1486 signatus
947 1434 1051 1471 est:

818 1513 1025 1559 «Codex
1067 1530 1221 1558 nxmx

71 1603 120 1647 in
163 1607 234 1661 4⁰,
281 1601 602 1657 chartaceus,
645 1601 878 1647 foliorum
921 1604 1002 1658 62,
1047 1602 1251 1648 Sacculi
1294 1619 1394 1648 xiv.

214 1690 442 1736 Lexicon
483 1690 712 1747 latinum,
757 1690 1009 1752 persicum
1052 1698 1101 1736 et
1142 1692 1482 1737 comanicum.

817 1779 969 1824 Initio
1010 1778 1213 1838 legitur:

684 1884 899 1913 Mcccni.
942 1868 1024 1914 die
1064 1884 1131 1913 XI.
1171 1868 1341 1931 Julii.»

213 1957 447 2001 ZANETTI
489 1955 619 2001 hanc
660 1956 864 2001 brevem
920 1955 1231 2001 mentionem
1284 1956 1476 2002 codicis
1527 1957 1576 2002 in
1636 1958 1776 2002 calce
1830 1965 1967 2002 cata-

72 2044 169 2105 logi
210 2044 345 2101 fecit,
388 2044 626 2090 videlicet
667 2044 760 2090 sub
802 2043 976 2090 titulo:
1027 2043 1328 2105 «Appendix
1369 2044 1624 2101 codicum,
1667 2045 1753 2106 qui
1808 2062 1970 2107 nuper

72 2132 121 2177 in
160 2139 303 2193 parte
345 2132 591 2193 superiori
634 2132 831 2178 (lucalis
871 2132 1121 2178 ecclesiae
1163 2132 1352 2178 inventi
1394 2140 1562 2178 sunt».
1620 2133 1968 2179 Doctissimus

72 2220 490 2266 bibliothecarius
531 2220 674 2266 initio
714 2220 1016 2282 appendicis
1050 2219 1314 2266 observat:
1353 2221 1463 2265 «Ex
1492 2220 1568 2265 his
1597 2220 1809 2282 aliquot,
1841 2238 1970 2282 quos

71 2308 266 2354 scilicet
306 2309 552 2354 asterisco
593 2308 922 2369 signavimus,
965 2307 1238 2369 descripsit
1279 2308 1594 2354 TOMASINUS
1635 2309 1681 2354 in
1722 2308 1967 2355 Biblioth.

72 2397 199 2442 Ven.
244 2398 370 2442 Mss.
413 2413 529 2458 pag.
575 2399 686 2457 56.»
714 2402 724 2416 ¹

212 2484 526 2531 TOMASINus
566 2485 678 2530 loco
719 2484 876 2530 citato
916 2484 978 2529 (le
1020 2484 1115 2529 hoc
1157 2484 1334 2530 codice
1377 2485 1447 2530 ita
1488 2485 1718 2546 scripsit:

220 2572 592 2634 «Alphabetum
636 2572 907 2634 persicum,
951 2573 1274 2618 comanicum
1327 2581 1377 2619 et
1428 2573 1643 2619 latinum
1676 2574 1967 2634 -Anonymi,

72 2661 264 2722 scriptu
306 2678 438 2706 anno
480 2677 677 2708 Mcccm
719 2661 799 2707 die
840 2677 889 2706 XI
929 2660 1066 2724 Julij.
1123 2660 1281 2707 Cuius
1334 2661 1445 2706 libri
1500 2661 1699 2707 initium
1741 2670 1817 2708 est
1848 2662 1964 2707 tale.

75 2748 130 2794 In
172 2748 376 2794 nomine
419 2749 627 2794 Domini
666 2750 788 2812 Jesu
831 2748 1021 2794 Christi
1062 2756 1160 2794 etc.

217 2837 328 2881 Hec
369 2844 485 2882 sunt
525 2837 689 2898 prima
727 2836 881 2881 verba
921 2844 971 2881 et
1011 2836 1217 2882 nomina
1257 2837 1319 2882 de
1360 2836 1505 2882 litera
1544 2837 1613 2882 A.

285 2924 438 2970 audio
796 2940 1056 2969 mesnoem
1399 2924 1675 2970 esiturmen

284 3011 431 3057 audis
802 3028 1012 3073 mesnoy
1406 3013 1655 3058 esitursen

285 3099 427 3145 audit
804 3107 1035 3144 mesnoet
1403 3099 1590 3144 esitir».

217 3239 227 3254 ¹
253 3235 298 3269 V.
332 3237 489 3269 «Latina
533 3242 567 3269 et
609 3237 739 3269 italica
782 3237 827 3269 D.
870 3236 1017 3269 MARCI
1060 3237 1302 3270 Bibliotheca
1339 3236 1521 3270 Codicum
1562 3248 1676 3270 manu
1709 3237 1968 3279 scriptorum.»

74 3306 281 3332 MDCCXLI.

1808 3381 1831 3402 (l
