2187 3652
1113 129 1136 155 L

316 242 516 287 Kutkor
555 242 716 287 bezne
757 241 802 287 al
843 242 1199 303 gamanna(n).

311 331 415 376 Seu
457 330 547 375 bar
587 346 704 375 sen:
748 329 882 375 boka
923 329 1119 390 cali(k)‚
1162 329 1361 391 bot(au)
1408 330 1485 390 ige
1526 331 1706 391 tengri.
1749 332 1986 376 Ammen.

312 418 662 464 possessivum
701 434 914 463 «nomen
944 425 1140 473 tuum»,
1189 417 1452 463 «voluntas
1480 425 1595 463 tua»
1631 418 1679 463 in
1708 418 1802 463 hac
1843 418 2073 463 oratione

172 525 261 569 per
321 506 754 568 praepositionem
815 505 1130 567 pronominis
1187 505 1409 567 separati
1468 505 1701 566 sequenti
1753 505 2074 551 substantivo

168 613 283 642 cum
339 594 518 640 suffixo
572 594 861 656 possessivo
915 591 1188 654 conjuncto
1254 592 1569 654 exprimitur,
1635 593 1816 639 eadem
1870 593 2074 639 dicendi

168 684 295 729 ratio
336 682 631 743 emphatica
672 682 719 727 in
763 682 935 742 lingua
976 681 1254 741 hungarica
1296 697 1542 742 perquam
1584 697 1737 742 saepe
1778 681 1998 727 usitatur
2024 688 2075 727 61

168 773 215 817 111
257 772 352 818 hac
394 788 444 816 re
485 770 800 816 constructio
841 769 1119 831 hungarica
1159 769 1425 831 antiquam
1466 769 1789 816 cumanicam
1829 770 2074 816 alterasse

168 860 291 906 mihi
334 875 631 921 persvasum
675 866 767 915 est,
823 857 871 903 in
919 857 1148 904 oratione
1201 858 1339 903 enim
1392 857 1586 903 codicis
1638 857 1909 904 Venetiani
1964 857 2076 904 1000

167 966 249 993 sen
289 948 450 1010 filling,
502 963 584 992 sen
624 946 874 1009 lccb'nglzing
909 946 1205 1007 possessiva
1244 946 1384 1009 sculg
1428 945 1664 1007 (senz'ng)
1717 945 1826 1008 alig
1863 946 2076 1009 (ating),

167 1036 304 1099 remig
337 1037 568 1099 (sem'ngfl)
607 1036 854 1099 lilcmeg‘in
894 1034 1248 1097 (hcznlccleing)
1288 1034 1582 1080 obveniunt.
1645 1034 1831 1079 «Pater
1870 1042 2069 1080 noster»

171 1125 510 1171 Cumanicum
542 1125 590 1171 in
619 1125 805 1187 pagina
840 1127 935 1171 126
964 1123 1157 1170 codicis
1185 1123 1459 1170 Venetiani
1489 1123 1559 1168 ita
1587 1122 1834 1184 scripturn
1863 1123 2074 1184 legitur:

311 1214 512 1259 Atamis
552 1213 653 1259 kim
695 1213 847 1260 kocta
888 1229 994 1259 sen.
1513 1211 1516 1214 ’

313 1301 534 1359 Algiszle
576 1301 759 1347 bulsun
802 1301 945 1363 senig
984 1301 1105 1362 atig.

316 1390 475 1436 kelsin
517 1389 658 1452 senig
698 1389 987 1436 hanlechin.

314 1479 459 1524 bulsu
503 1477 645 1539 senig
685 1478 945 1540 tilemegin
986 1477 1239 1524 nezikkim
1280 1477 1431 1523 kocta
1469 1477 1600 1538 alley
1636 1478 1794 1523 ierda.

312 1567 530 1630 kundegi
573 1566 952 1613 otmackimisni
992 1566 1136 1628 bisga
1177 1566 1347 1628 bugun
1388 1565 1562 1627 bergil.

318 1656 463 1717 Dage
505 1655 896 1701 iazuclarmisne
938 1655 1082 1718 bisga
1124 1655 1392 1702 bozzatkil.
1449 1654 1595 1701 necik
1646 1655 1724 1701 bis
1775 1654 2078 1701 bozattirbis

173 1744 312 1803 bisgii
357 1744 524 1789 iaman
566 1743 909 1806 etchenlerga.

314 1833 459 1894 Dage
501 1832 666 1879 iecnik
707 1832 1028 1879 sinamakina
1068 1833 1200 1879 bisni
1241 1832 1544 1894 kuurmagil.

314 1922 480 1967 Bassa
521 1921 669 1967 barce
712 1921 987 1968 iamandan
1029 1921 1159 1967 bisni
1201 1921 1471 1983 kuthargil.
1516 1922 1660 1967 Arne.

316 2011 505 2055 Forma
545 2009 721 2055 bulsuu
762 2010 873 2056 loco
915 2010 1165 2071 cagataici
1206 2009 1374 2055 balsan
1420 2009 1570 2071 plane
1612 2027 1727 2056 cum
1769 2009 2075 2071 pronuncia—

172 2098 308 2143 tione
339 2097 584 2143 kazanica
612 2097 712 2143 bal-
741 2098 995 2155 convenit,
1024 2097 1128 2160 jam
1159 2116 1218 2144 ex
1246 2097 1324 2143 his
1353 2097 1553 2144 duobus
1582 2097 1826 2144 orationis
1855 2096 2080 2143 textibus

174 2186 389 2248 quisque
456 2186 895 2247 pronunciationis
959 2186 1257 2232 cumanicae
1322 2203 1437 2232 cum
1492 2185 1736 2232 kazanica
1800 2184 2079 2247 perfectam

174 2275 311 2336 quod
353 2274 418 2320 ad
458 2275 661 2321 vocales
702 2275 1029 2321 concordiam
1071 2275 1218 2321 facile
1259 2273 1549 2337 perspicere
1585 2282 1771 2336 potest.
1817 2274 1990 2320 Etiam
2030 2273 2079 2319 in

177 2362 400 2408 dialecto
440 2363 684 2409 bosniaca
724 2364 835 2410 loco
874 2364 1068 2410 vocalis
1107 2380 1132 2408 ο
1172 2363 1429 2409 interdum
1470 2380 1501 2408 u
1542 2363 1951 2425 pronunciatur.¹

318 2451 373 2496 In
415 2451 834 2498 annotationibus
874 2452 1239 2514 manuscriptis
1279 2452 1461 2499 notarii
1503 2452 1755 2498 cumanici
1787 2452 2079 2499 GABRIELls
2136 2506 2139 2510 .

180 2538 464 2585 TERBOLCS
506 2548 781 2601 sequentes
822 2540 1159 2587 salutationes
1200 2548 1432 2603 repertae
1474 2548 1621 2586 sunt:
1940 2527 1942 2529 Ι

324 2643 364 2672 1.
406 2626 556 2673 Zubet
594 2627 785 2673 kllaron

316 2731 360 2763 2.
402 2715 517 2778 Has
552 2716 751 2779 majdon
789 2716 984 2779 alseleor

315 2819 361 2863 3.
419 2803 638 2849 Tensade
676 2804 891 2850 lelainade

315 2908 361 2951 4.
407 2892 649 2938 lslinive'li
685 2894 862 2956 ίι’]ςς’ῑ”ίσ
900 2894 1050 2940 leelibe

174 2996 304 3040 quae
346 2981 500 3026 etiam
543 2981 591 3026 in
632 2983 914 3043 protocollo
944 2983 1576 3031 Kun-Szen-Miklosiensi
1605 2983 1653 3028 in
1691 2983 1825 3028 hunc
1868 2982 2077 3028 modum

174 3068 396 3130 scriptae
437 3079 715 3117 occurunt:

320 3270 328 3285 ¹
360 3266 502 3299 IssLAi':
538 3267 936 3302 Hosnisch-turkische
967 3268 1351 3312 Sprachdenkmaler.
1384 3268 1478 3312 Pag.
1511 3277 1566 3301 21.
