<?xml version="1.0" encoding="UTF-8"?>
<!DOCTYPE html PUBLIC "-//W3C//DTD XHTML 1.0 Transitional//EN"
    "http://www.w3.org/TR/xhtml1/DTD/xhtml1-transitional.dtd">
<html xmlns="http://www.w3.org/1999/xhtml" xml:lang="en" lang="en">
 <head>
  <title>
</title>
<meta http-equiv="Content-Type" content="text/html;charset=utf-8" />
  <meta name='ocr-system' content='tesseract 3.04.00' />
  <meta name='ocr-capabilities' content='ocr_page ocr_carea ocr_par ocr_line ocrx_word'/>
</head>
<body>
  <div class='ocr_page' id='page_1' title='image "./codexcumanicusbi00kuunuoft/codexcumanicusbi00kuunuoft_0095.png"; bbox 0 0 2187 3652; ppageno 0'>
   <div class='ocr_carea' id='block_1_1' title="bbox 927 106 1091 131">
    <p class='ocr_par' dir='ltr' id='par_1_1' title="bbox 927 106 1091 131">
     <span class='ocr_line' id='line_1_1' title="bbox 927 106 1091 131; baseline 0.006 -1"><span class='ocrx_word' id='word_1_1' title='bbox 927 106 1091 131; x_wconf 69' lang='lat' dir='ltr'>LXXXIII</span> 
     </span>
    </p>
   </div>
   <div class='ocr_carea' id='block_1_2' title="bbox 36 216 1960 3357">
    <p class='ocr_par' dir='ltr' id='par_1_2' title="bbox 48 216 1960 2847">
     <span class='ocr_line' id='line_1_2' title="bbox 57 216 1960 277; baseline 0.002 -16"><span class='ocrx_word' id='word_1_2' title='bbox 57 223 260 277; x_wconf 85' lang='lat' dir='ltr'>tempus</span> <span class='ocrx_word' id='word_1_3' title='bbox 321 217 569 262; x_wconf 70' lang='lat' dir='ltr'>LADISLAI</span> <span class='ocrx_word' id='word_1_4' title='bbox 639 217 715 261; x_wconf 88' lang='lat' dir='ltr'>III</span> <span class='ocrx_word' id='word_1_5' title='bbox 775 216 1155 263; x_wconf 72' lang='lat' dir='ltr'>christianismo</span> <span class='ocrx_word' id='word_1_6' title='bbox 1207 219 1403 264; x_wconf 85' lang='lat' dir='ltr'>sincere</span> <span class='ocrx_word' id='word_1_7' title='bbox 1469 219 1659 265; x_wconf 75' lang='lat' dir='ltr'>addicti</span> <span class='ocrx_word' id='word_1_8' title='bbox 1716 227 1859 265; x_wconf 86' lang='lat' dir='ltr'>erant</span> <span class='ocrx_word' id='word_1_9' title='bbox 1911 228 1960 265; x_wconf 91' lang='lat' dir='ltr'>et</span> 
     </span>
     <span class='ocr_line' id='line_1_3' title="bbox 57 304 1959 366; baseline 0.002 -17"><span class='ocrx_word' id='word_1_10' title='bbox 57 304 428 349; x_wconf 74' lang='lat' dir='ltr'>habitationem</span> <span class='ocrx_word' id='word_1_11' title='bbox 482 304 528 349; x_wconf 92' lang='lat' dir='ltr'>in</span> <span class='ocrx_word' id='word_1_12' title='bbox 589 304 826 350; x_wconf 90' lang='lat' dir='ltr'>domibus</span> <span class='ocrx_word' id='word_1_13' title='bbox 878 307 985 351; x_wconf 89' lang='lat' dir='ltr'>solo</span> <span class='ocrx_word' id='word_1_14' title='bbox 1026 306 1137 351; x_wconf 76' lang='lat' dir='ltr'>fixis</span> <span class='ocrx_word' id='word_1_15' title='bbox 1177 307 1456 352; x_wconf 80' lang='lat' dir='ltr'>christiano</span> <span class='ocrx_word' id='word_1_16' title='bbox 1500 324 1638 353; x_wconf 89' lang='lat' dir='ltr'>more</span> <span class='ocrx_word' id='word_1_17' title='bbox 1680 308 1959 366; x_wconf 82' lang='lat' dir='ltr'>aegerrime</span> 
     </span>
     <span class='ocr_line' id='line_1_4' title="bbox 55 391 1960 458; baseline 0.003 -21"><span class='ocrx_word' id='word_1_18' title='bbox 55 391 298 438; x_wconf 86' lang='lat' dir='ltr'>ferebant.</span> <span class='ocrx_word' id='word_1_19' title='bbox 354 392 573 438; x_wconf 88' lang='lat' dir='ltr'>Cumani</span> <span class='ocrx_word' id='word_1_20' title='bbox 637 394 955 451; x_wconf 84' lang='lat' dir='ltr'>Hungariam</span> <span class='ocrx_word' id='word_1_21' title='bbox 1010 395 1358 441; x_wconf 73' lang='lat' dir='ltr'>inhabitantes</span> <span class='ocrx_word' id='word_1_22' title='bbox 1414 396 1600 441; x_wconf 86' lang='lat' dir='ltr'>sensim</span> <span class='ocrx_word' id='word_1_23' title='bbox 1668 397 1960 458; x_wconf 74' lang='lat' dir='ltr'>sensimque</span> 
     </span>
     <span class='ocr_line' id='line_1_5' title="bbox 54 479 1958 546; baseline 0.002 -21"><span class='ocrx_word' id='word_1_24' title='bbox 54 496 168 526; x_wconf 88' lang='lat' dir='ltr'>cum</span> <span class='ocrx_word' id='word_1_25' title='bbox 214 479 474 542; x_wconf 89' lang='lat' dir='ltr'>Hungaris</span> <span class='ocrx_word' id='word_1_26' title='bbox 504 480 552 526; x_wconf 91' lang='lat' dir='ltr'>in</span> <span class='ocrx_word' id='word_1_27' title='bbox 594 497 748 526; x_wconf 92' lang='lat' dir='ltr'>unum</span> <span class='ocrx_word' id='word_1_28' title='bbox 785 499 969 543; x_wconf 90' lang='lat' dir='ltr'>corpus</span> <span class='ocrx_word' id='word_1_29' title='bbox 1009 483 1371 529; x_wconf 85' lang='lat' dir='ltr'>coalescebant</span> <span class='ocrx_word' id='word_1_30' title='bbox 1411 490 1804 546; x_wconf 77' lang='lat' dir='ltr'>temporumque</span> <span class='ocrx_word' id='word_1_31' title='bbox 1846 501 1958 546; x_wconf 90' lang='lat' dir='ltr'>pro-</span> 
     </span>
     <span class='ocr_line' id='line_1_6' title="bbox 53 568 1958 627; baseline 0.003 -13"><span class='ocrx_word' id='word_1_32' title='bbox 53 585 228 627; x_wconf 85' lang='lat' dir='ltr'>gressu</span> <span class='ocrx_word' id='word_1_33' title='bbox 270 576 319 615; x_wconf 89' lang='lat' dir='ltr'>et</span> <span class='ocrx_word' id='word_1_34' title='bbox 360 586 507 614; x_wconf 88' lang='lat' dir='ltr'>usum</span> <span class='ocrx_word' id='word_1_35' title='bbox 550 568 810 615; x_wconf 90' lang='lat' dir='ltr'>idiomatis</span> <span class='ocrx_word' id='word_1_36' title='bbox 851 571 1108 616; x_wconf 80' lang='lat' dir='ltr'>vernaculi</span> <span class='ocrx_word' id='word_1_37' title='bbox 1150 571 1476 618; x_wconf 82' lang='lat' dir='ltr'>amittebant.</span> <span class='ocrx_word' id='word_1_38' title='bbox 1521 572 1857 618; x_wconf 61' lang='lat' dir='ltr'>Sioisrwaoo</span> <span class='ocrx_word' id='word_1_39' title='bbox 1887 590 1958 619; x_wconf 87' lang='lat' dir='ltr'>re-</span> 
     </span>
     <span class='ocr_line' id='line_1_7' title="bbox 53 657 1960 722; baseline 0.003 -21"><span class='ocrx_word' id='word_1_40' title='bbox 53 664 240 715; x_wconf 89' lang='lat' dir='ltr'>gnante</span> <span class='ocrx_word' id='word_1_41' title='bbox 289 657 511 718; x_wconf 77' lang='lat' dir='ltr'>linguam</span> <span class='ocrx_word' id='word_1_42' title='bbox 555 658 877 705; x_wconf 87' lang='lat' dir='ltr'>cumanicam</span> <span class='ocrx_word' id='word_1_43' title='bbox 920 659 1088 705; x_wconf 88' lang='lat' dir='ltr'>adhuc</span> <span class='ocrx_word' id='word_1_44' title='bbox 1143 660 1384 706; x_wconf 89' lang='lat' dir='ltr'>usitatam</span> <span class='ocrx_word' id='word_1_45' title='bbox 1433 660 1586 706; x_wconf 84' lang='lat' dir='ltr'>fuisse</span> <span class='ocrx_word' id='word_1_46' title='bbox 1628 678 1685 706; x_wconf 75' lang='lat' dir='ltr'>ex</span> <span class='ocrx_word' id='word_1_47' title='bbox 1727 661 1960 722; x_wconf 84' lang='lat' dir='ltr'>sequenti</span> 
     </span>
     <span class='ocr_line' id='line_1_8' title="bbox 52 745 1957 811; baseline 0.003 -20"><span class='ocrx_word' id='word_1_48' title='bbox 52 745 184 806; x_wconf 85' lang='lat' dir='ltr'>regis</span> <span class='ocrx_word' id='word_1_49' title='bbox 224 745 468 791; x_wconf 86' lang='lat' dir='ltr'>mandato</span> <span class='ocrx_word' id='word_1_50' title='bbox 509 745 730 791; x_wconf 87' lang='lat' dir='ltr'>scimus:</span> <span class='ocrx_word' id='word_1_51' title='bbox 790 747 1038 810; x_wconf 85' lang='lat' dir='ltr'>«Jubente</span> <span class='ocrx_word' id='word_1_52' title='bbox 1091 748 1369 809; x_wconf 87' lang='lat' dir='ltr'>aliquando</span> <span class='ocrx_word' id='word_1_53' title='bbox 1423 749 1756 808; x_wconf 79' lang='lat' dir='ltr'>Sigismundo</span> <span class='ocrx_word' id='word_1_54' title='bbox 1797 750 1957 811; x_wconf 88' lang='lat' dir='ltr'>impe-</span> 
     </span>
     <span class='ocr_line' id='line_1_9' title="bbox 51 834 1954 898; baseline 0.003 -19"><span class='ocrx_word' id='word_1_55' title='bbox 51 841 233 891; x_wconf 89' lang='lat' dir='ltr'>ratore,</span> <span class='ocrx_word' id='word_1_56' title='bbox 288 834 527 880; x_wconf 86' lang='lat' dir='ltr'>secedere</span> <span class='ocrx_word' id='word_1_57' title='bbox 586 835 848 895; x_wconf 89' lang='lat' dir='ltr'>paululum</span> <span class='ocrx_word' id='word_1_58' title='bbox 902 852 1094 892; x_wconf 91' lang='lat' dir='ltr'>omnes,</span> <span class='ocrx_word' id='word_1_59' title='bbox 1161 837 1246 898; x_wconf 88' lang='lat' dir='ltr'>qui</span> <span class='ocrx_word' id='word_1_60' title='bbox 1301 854 1573 883; x_wconf 89' lang='lat' dir='ltr'>cumanum</span> <span class='ocrx_word' id='word_1_61' title='bbox 1648 838 1954 884; x_wconf 81' lang='lat' dir='ltr'>nescirent.»</span> 
     </span>
     <span class='ocr_line' id='line_1_10' title="bbox 56 924 1957 985; baseline 0.002 -17"><span class='ocrx_word' id='word_1_62' title='bbox 56 924 245 984; x_wconf 83' lang='lat' dir='ltr'>Magna</span> <span class='ocrx_word' id='word_1_63' title='bbox 287 924 635 969; x_wconf 82' lang='lat' dir='ltr'>Cumanorum</span> <span class='ocrx_word' id='word_1_64' title='bbox 678 940 811 984; x_wconf 88' lang='lat' dir='ltr'>pars,</span> <span class='ocrx_word' id='word_1_65' title='bbox 855 940 986 985; x_wconf 88' lang='lat' dir='ltr'>quae</span> <span class='ocrx_word' id='word_1_66' title='bbox 1031 925 1346 970; x_wconf 87' lang='lat' dir='ltr'>Moldaviam</span> <span class='ocrx_word' id='word_1_67' title='bbox 1383 933 1433 971; x_wconf 91' lang='lat' dir='ltr'>et</span> <span class='ocrx_word' id='word_1_68' title='bbox 1473 926 1775 972; x_wconf 88' lang='lat' dir='ltr'>Valachiam</span> <span class='ocrx_word' id='word_1_69' title='bbox 1818 927 1957 972; x_wconf 87' lang='lat' dir='ltr'>inba-</span> 
     </span>
     <span class='ocr_line' id='line_1_11' title="bbox 52 1011 1958 1075; baseline 0.003 -18"><span class='ocrx_word' id='word_1_70' title='bbox 52 1011 267 1069; x_wconf 84' lang='lat' dir='ltr'>bitabat,</span> <span class='ocrx_word' id='word_1_71' title='bbox 311 1011 519 1057; x_wconf 89' lang='lat' dir='ltr'>tandem</span> <span class='ocrx_word' id='word_1_72' title='bbox 550 1011 895 1058; x_wconf 87' lang='lat' dir='ltr'>Valachorum</span> <span class='ocrx_word' id='word_1_73' title='bbox 932 1012 1245 1074; x_wconf 76' lang='lat' dir='ltr'>religionem,</span> <span class='ocrx_word' id='word_1_74' title='bbox 1290 1014 1531 1075; x_wconf 85' lang='lat' dir='ltr'>linguam,</span> <span class='ocrx_word' id='word_1_75' title='bbox 1563 1032 1729 1061; x_wconf 87' lang='lat' dir='ltr'>mores</span> <span class='ocrx_word' id='word_1_76' title='bbox 1764 1033 1958 1062; x_wconf 83' lang='lat' dir='ltr'>assum-</span> 
     </span>
     <span class='ocr_line' id='line_1_12' title="bbox 52 1099 1958 1162; baseline 0.002 -16"><span class='ocrx_word' id='word_1_77' title='bbox 52 1101 117 1146; x_wconf 85' lang='lat' dir='ltr'>sit</span> <span class='ocrx_word' id='word_1_78' title='bbox 156 1109 205 1146; x_wconf 94' lang='lat' dir='ltr'>et</span> <span class='ocrx_word' id='word_1_79' title='bbox 261 1099 412 1146; x_wconf 87' lang='lat' dir='ltr'>hodie</span> <span class='ocrx_word' id='word_1_80' title='bbox 452 1116 656 1162; x_wconf 90' lang='lat' dir='ltr'>quoque</span> <span class='ocrx_word' id='word_1_81' title='bbox 708 1099 962 1161; x_wconf 88' lang='lat' dir='ltr'>quaedam</span> <span class='ocrx_word' id='word_1_82' title='bbox 1005 1100 1227 1148; x_wconf 86' lang='lat' dir='ltr'>familiae</span> <span class='ocrx_word' id='word_1_83' title='bbox 1275 1103 1519 1149; x_wconf 86' lang='lat' dir='ltr'>valachae</span> <span class='ocrx_word' id='word_1_84' title='bbox 1561 1121 1658 1149; x_wconf 93' lang='lat' dir='ltr'>non</span> <span class='ocrx_word' id='word_1_85' title='bbox 1706 1105 1869 1150; x_wconf 88' lang='lat' dir='ltr'>solum</span> <span class='ocrx_word' id='word_1_86' title='bbox 1911 1106 1958 1150; x_wconf 89' lang='lat' dir='ltr'>in</span> 
     </span>
     <span class='ocr_line' id='line_1_13' title="bbox 51 1188 1957 1250; baseline 0.002 -15"><span class='ocrx_word' id='word_1_87' title='bbox 51 1189 317 1245; x_wconf 87' lang='lat' dir='ltr'>Valachia‚</span> <span class='ocrx_word' id='word_1_88' title='bbox 361 1188 447 1235; x_wconf 86' lang='lat' dir='ltr'>sed</span> <span class='ocrx_word' id='word_1_89' title='bbox 492 1189 541 1234; x_wconf 93' lang='lat' dir='ltr'>in</span> <span class='ocrx_word' id='word_1_90' title='bbox 596 1188 708 1250; x_wconf 87' lang='lat' dir='ltr'>ipsa</span> <span class='ocrx_word' id='word_1_91' title='bbox 748 1188 1150 1246; x_wconf 85' lang='lat' dir='ltr'>Transsilvania‚</span> <span class='ocrx_word' id='word_1_92' title='bbox 1194 1210 1236 1236; x_wconf 85' lang='lat' dir='ltr'>e.</span> <span class='ocrx_word' id='word_1_93' title='bbox 1280 1208 1324 1249; x_wconf 85' lang='lat' dir='ltr'>g.</span> <span class='ocrx_word' id='word_1_94' title='bbox 1370 1191 1417 1237; x_wconf 93' lang='lat' dir='ltr'>in</span> <span class='ocrx_word' id='word_1_95' title='bbox 1460 1193 1723 1238; x_wconf 90' lang='lat' dir='ltr'>Comitatu</span> <span class='ocrx_word' id='word_1_96' title='bbox 1766 1194 1957 1239; x_wconf 84' lang='lat' dir='ltr'>Zaran-</span> 
     </span>
     <span class='ocr_line' id='line_1_14' title="bbox 51 1277 1956 1339; baseline 0.002 -15"><span class='ocrx_word' id='word_1_97' title='bbox 51 1277 214 1324; x_wconf 85' lang='lat' dir='ltr'>diensi</span> <span class='ocrx_word' id='word_1_98' title='bbox 275 1278 541 1324; x_wconf 80' lang='lat' dir='ltr'>«Koman»</span> <span class='ocrx_word' id='word_1_99' title='bbox 599 1285 972 1339; x_wconf 82' lang='lat' dir='ltr'>nuncupantur.</span> <span class='ocrx_word' id='word_1_100' title='bbox 1029 1279 1376 1325; x_wconf 86' lang='lat' dir='ltr'>Cumanorum</span> <span class='ocrx_word' id='word_1_101' title='bbox 1420 1281 1665 1327; x_wconf 87' lang='lat' dir='ltr'>memoria</span> <span class='ocrx_word' id='word_1_102' title='bbox 1707 1281 1755 1326; x_wconf 89' lang='lat' dir='ltr'>in</span> <span class='ocrx_word' id='word_1_103' title='bbox 1798 1282 1956 1327; x_wconf 90' lang='lat' dir='ltr'>nomi-</span> 
     </span>
     <span class='ocr_line' id='line_1_15' title="bbox 53 1367 1960 1428; baseline 0.002 -16"><span class='ocrx_word' id='word_1_104' title='bbox 53 1367 203 1413; x_wconf 90' lang='lat' dir='ltr'>nibus</span> <span class='ocrx_word' id='word_1_105' title='bbox 252 1367 593 1428; x_wconf 86' lang='lat' dir='ltr'>quorumdam</span> <span class='ocrx_word' id='word_1_106' title='bbox 635 1367 861 1412; x_wconf 91' lang='lat' dir='ltr'>locorum</span> <span class='ocrx_word' id='word_1_107' title='bbox 906 1367 1199 1413; x_wconf 85' lang='lat' dir='ltr'>Moldaviae</span> <span class='ocrx_word' id='word_1_108' title='bbox 1241 1368 1408 1414; x_wconf 88' lang='lat' dir='ltr'>adhuc</span> <span class='ocrx_word' id='word_1_109' title='bbox 1468 1370 1619 1427; x_wconf 83' lang='lat' dir='ltr'>viget,</span> <span class='ocrx_word' id='word_1_110' title='bbox 1687 1369 1756 1416; x_wconf 90' lang='lat' dir='ltr'>ita</span> <span class='ocrx_word' id='word_1_111' title='bbox 1814 1372 1960 1417; x_wconf 85' lang='lat' dir='ltr'>vallis</span> 
     </span>
     <span class='ocr_line' id='line_1_16' title="bbox 53 1455 1960 1517; baseline 0.003 -17"><span class='ocrx_word' id='word_1_112' title='bbox 53 1455 308 1517; x_wconf 84' lang='lat' dir='ltr'>quaedam</span> <span class='ocrx_word' id='word_1_113' title='bbox 367 1456 656 1513; x_wconf 84' lang='lat' dir='ltr'>«Koman»,</span> <span class='ocrx_word' id='word_1_114' title='bbox 710 1462 760 1500; x_wconf 93' lang='lat' dir='ltr'>et</span> <span class='ocrx_word' id='word_1_115' title='bbox 817 1461 920 1500; x_wconf 86' lang='lat' dir='ltr'>tres</span> <span class='ocrx_word' id='word_1_116' title='bbox 962 1456 1077 1517; x_wconf 88' lang='lat' dir='ltr'>pagi</span> <span class='ocrx_word' id='word_1_117' title='bbox 1122 1455 1414 1502; x_wconf 71' lang='lat' dir='ltr'>KOMANEsT</span> <span class='ocrx_word' id='word_1_118' title='bbox 1456 1458 1798 1504; x_wconf 88' lang='lat' dir='ltr'>nominantur.</span> <span class='ocrx_word' id='word_1_119' title='bbox 1844 1460 1960 1505; x_wconf 90' lang='lat' dir='ltr'>Duo</span> 
     </span>
     <span class='ocr_line' id='line_1_17' title="bbox 50 1544 1959 1608; baseline 0.002 -19"><span class='ocrx_word' id='word_1_120' title='bbox 50 1545 166 1606; x_wconf 83' lang='lat' dir='ltr'>pagi</span> <span class='ocrx_word' id='word_1_121' title='bbox 225 1545 274 1590; x_wconf 89' lang='lat' dir='ltr'>in</span> <span class='ocrx_word' id='word_1_122' title='bbox 323 1561 383 1590; x_wconf 91' lang='lat' dir='ltr'>ea</span> <span class='ocrx_word' id='word_1_123' title='bbox 422 1544 839 1590; x_wconf 86' lang='lat' dir='ltr'>Transsilvaniae</span> <span class='ocrx_word' id='word_1_124' title='bbox 898 1552 1059 1605; x_wconf 86' lang='lat' dir='ltr'>parte,</span> <span class='ocrx_word' id='word_1_125' title='bbox 1120 1562 1252 1607; x_wconf 87' lang='lat' dir='ltr'>quae</span> <span class='ocrx_word' id='word_1_126' title='bbox 1304 1553 1437 1592; x_wconf 88' lang='lat' dir='ltr'>terra</span> <span class='ocrx_word' id='word_1_127' title='bbox 1492 1548 1718 1608; x_wconf 80' lang='lat' dir='ltr'>Fogaras</span> <span class='ocrx_word' id='word_1_128' title='bbox 1773 1547 1959 1593; x_wconf 86' lang='lat' dir='ltr'>dicitur</span> 
     </span>
     <span class='ocr_line' id='line_1_18' title="bbox 52 1632 1955 1695; baseline 0.002 -16"><span class='ocrx_word' id='word_1_129' title='bbox 52 1632 229 1679; x_wconf 87' lang='lat' dir='ltr'>itidem</span> <span class='ocrx_word' id='word_1_130' title='bbox 269 1633 464 1679; x_wconf 79' lang='lat' dir='ltr'><strong>KOMAN</strong></span> <span class='ocrx_word' id='word_1_131' title='bbox 501 1632 755 1695; x_wconf 86' lang='lat' dir='ltr'>(superius</span> <span class='ocrx_word' id='word_1_132' title='bbox 784 1640 834 1679; x_wconf 92' lang='lat' dir='ltr'>et</span> <span class='ocrx_word' id='word_1_133' title='bbox 862 1632 1087 1694; x_wconf 82' lang='lat' dir='ltr'>inferius)</span> <span class='ocrx_word' id='word_1_134' title='bbox 1123 1634 1464 1680; x_wconf 88' lang='lat' dir='ltr'>nominantur.</span> <span class='ocrx_word' id='word_1_135' title='bbox 1510 1636 1578 1681; x_wconf 78' lang='lat' dir='ltr'>Et</span> <span class='ocrx_word' id='word_1_136' title='bbox 1613 1636 1840 1682; x_wconf 83' lang='lat' dir='ltr'>Uzorum</span> <span class='ocrx_word' id='word_1_137' title='bbox 1870 1654 1955 1682; x_wconf 92' lang='lat' dir='ltr'>no-</span> 
     </span>
     <span class='ocr_line' id='line_1_19' title="bbox 50 1721 1954 1787; baseline 0.002 -19"><span class='ocrx_word' id='word_1_138' title='bbox 50 1739 166 1769; x_wconf 93' lang='lat' dir='ltr'>men</span> <span class='ocrx_word' id='word_1_139' title='bbox 208 1722 257 1768; x_wconf 92' lang='lat' dir='ltr'>in</span> <span class='ocrx_word' id='word_1_140' title='bbox 302 1722 570 1783; x_wconf 88' lang='lat' dir='ltr'>Hungaria</span> <span class='ocrx_word' id='word_1_141' title='bbox 609 1721 745 1768; x_wconf 89' lang='lat' dir='ltr'>haud</span> <span class='ocrx_word' id='word_1_142' title='bbox 788 1738 908 1767; x_wconf 89' lang='lat' dir='ltr'>sane</span> <span class='ocrx_word' id='word_1_143' title='bbox 949 1721 1231 1768; x_wconf 77' lang='lat' dir='ltr'>extinctum</span> <span class='ocrx_word' id='word_1_144' title='bbox 1282 1730 1374 1779; x_wconf 88' lang='lat' dir='ltr'>est,</span> <span class='ocrx_word' id='word_1_145' title='bbox 1418 1723 1465 1768; x_wconf 92' lang='lat' dir='ltr'>in</span> <span class='ocrx_word' id='word_1_146' title='bbox 1508 1724 1620 1769; x_wconf 88' lang='lat' dir='ltr'>cod.</span> <span class='ocrx_word' id='word_1_147' title='bbox 1663 1725 1796 1771; x_wconf 85' lang='lat' dir='ltr'>enim</span> <span class='ocrx_word' id='word_1_148' title='bbox 1833 1725 1954 1787; x_wconf 88' lang='lat' dir='ltr'>dipl.</span> 
     </span>
     <span class='ocr_line' id='line_1_20' title="bbox 50 1810 1953 1876; baseline 0.002 -20"><span class='ocrx_word' id='word_1_149' title='bbox 50 1827 140 1873; x_wconf 89' lang='lat' dir='ltr'>per</span> <span class='ocrx_word' id='word_1_150' title='bbox 182 1811 475 1857; x_wconf 80' lang='lat' dir='ltr'><strong>GEORGIUM</strong></span> <span class='ocrx_word' id='word_1_151' title='bbox 520 1812 690 1867; x_wconf 74' lang='lat' dir='ltr'>FEJER</span> <span class='ocrx_word' id='word_1_152' title='bbox 729 1810 867 1856; x_wconf 85' lang='lat' dir='ltr'>edito</span> <span class='ocrx_word' id='word_1_153' title='bbox 897 1810 975 1856; x_wconf 91' lang='lat' dir='ltr'>his</span> <span class='ocrx_word' id='word_1_154' title='bbox 1004 1810 1177 1857; x_wconf 81' lang='lat' dir='ltr'>formis</span> <span class='ocrx_word' id='word_1_155' title='bbox 1207 1819 1542 1858; x_wconf 88' lang='lat' dir='ltr'>memoratur:</span> <span class='ocrx_word' id='word_1_156' title='bbox 1592 1813 1782 1859; x_wconf 63' lang='lat' dir='ltr'>(laneus</span> <span class='ocrx_word' id='word_1_157' title='bbox 1822 1814 1953 1876; x_wconf 91' lang='lat' dir='ltr'>prin-</span> 
     </span>
     <span class='ocr_line' id='line_1_21' title="bbox 50 1898 1956 1961; baseline 0.002 -16"><span class='ocrx_word' id='word_1_158' title='bbox 50 1898 230 1961; x_wconf 88' lang='lat' dir='ltr'>cipalis</span> <span class='ocrx_word' id='word_1_159' title='bbox 273 1900 622 1946; x_wconf 87' lang='lat' dir='ltr'>Cumanorum</span> <span class='ocrx_word' id='word_1_160' title='bbox 669 1913 816 1960; x_wconf 99' lang='grc'>1279,</span> <span class='ocrx_word' id='word_1_161' title='bbox 860 1900 920 1956; x_wconf 87' lang='lat' dir='ltr'>V,</span> <span class='ocrx_word' id='word_1_162' title='bbox 966 1915 1010 1956; x_wconf 83' lang='lat'>2,</span> <span class='ocrx_word' id='word_1_163' title='bbox 1056 1913 1151 1960; x_wconf 80' lang='grc'>509</span> <span class='ocrx_word' id='word_1_164' title='bbox 1193 1899 1461 1960; x_wconf 45' lang='lat' dir='ltr'>(liutans),</span> <span class='ocrx_word' id='word_1_165' title='bbox 1494 1931 1560 1934; x_wconf 77' lang='lat'>—</span> <span class='ocrx_word' id='word_1_166' title='bbox 1601 1901 1671 1947; x_wconf 54' lang='lat' dir='ltr'>Ua</span> <span class='ocrx_word' id='word_1_167' title='bbox 1710 1903 1862 1949; x_wconf 85' lang='lat' dir='ltr'>nobb.</span> <span class='ocrx_word' id='word_1_168' title='bbox 1894 1904 1956 1949; x_wconf 84' lang='lat' dir='ltr'>de</span> 
     </span>
     <span class='ocr_line' id='line_1_22' title="bbox 54 1987 1954 2050; baseline 0.002 -17"><span class='ocrx_word' id='word_1_169' title='bbox 54 2003 201 2048; x_wconf 85' lang='grc'>1412,</span> <span class='ocrx_word' id='word_1_170' title='bbox 232 1989 295 2045; x_wconf 88' lang='lat' dir='ltr'>X,</span> <span class='ocrx_word' id='word_1_171' title='bbox 328 2001 372 2048; x_wconf 85' lang='lat'>5,</span> <span class='ocrx_word' id='word_1_172' title='bbox 405 1990 520 2045; x_wconf 76' lang='lat'>268,</span> <span class='ocrx_word' id='word_1_173' title='bbox 551 2017 618 2021; x_wconf 75' lang='lat'>—</span> <span class='ocrx_word' id='word_1_174' title='bbox 651 1987 722 2033; x_wconf 64' lang='grc' dir='ltr'>[λε’</span> <span class='ocrx_word' id='word_1_175' title='bbox 748 1987 964 2033; x_wconf 86' lang='lat' dir='ltr'>villanus</span> <span class='ocrx_word' id='word_1_176' title='bbox 1005 1988 1067 2034; x_wconf 86' lang='lat' dir='ltr'>de</span> <span class='ocrx_word' id='word_1_177' title='bbox 1099 1988 1307 2049; x_wconf 78' lang='lat' dir='ltr'>Dorogh</span> <span class='ocrx_word' id='word_1_178' title='bbox 1344 2004 1490 2047; x_wconf 76' lang='lat'>1223,</span> <span class='ocrx_word' id='word_1_179' title='bbox 1526 1991 1622 2046; x_wconf 89' lang='lat' dir='ltr'>III,</span> <span class='ocrx_word' id='word_1_180' title='bbox 1666 2007 1707 2047; x_wconf 82' lang='lat'>1,</span> <span class='ocrx_word' id='word_1_181' title='bbox 1740 1996 1856 2050; x_wconf 65' lang='lat'>428,</span> <span class='ocrx_word' id='word_1_182' title='bbox 1891 2021 1954 2024; x_wconf 19' lang='grc' dir='ltr'>ἡκ</span> 
     </span>
     <span class='ocr_line' id='line_1_23' title="bbox 50 2076 1951 2138; baseline 0.003 -17"><span class='ocrx_word' id='word_1_183' title='bbox 50 2092 130 2121; x_wconf 91' lang='lat' dir='ltr'>no.</span> <span class='ocrx_word' id='word_1_184' title='bbox 172 2076 263 2122; x_wconf 88' lang='lat' dir='ltr'>viri</span> <span class='ocrx_word' id='word_1_185' title='bbox 310 2092 457 2136; x_wconf 90' lang='grc'>1299,</span> <span class='ocrx_word' id='word_1_186' title='bbox 501 2077 590 2133; x_wconf 89' lang='lat' dir='ltr'>VI,</span> <span class='ocrx_word' id='word_1_187' title='bbox 624 2093 668 2133; x_wconf 93' lang='grc'>2,</span> <span class='ocrx_word' id='word_1_188' title='bbox 702 2092 817 2133; x_wconf 91' lang='grc'>220,</span> <span class='ocrx_word' id='word_1_189' title='bbox 849 2104 917 2109; x_wconf 86' lang='lat'>—</span> <span class='ocrx_word' id='word_1_190' title='bbox 951 2076 1021 2122; x_wconf 57' lang='lat' dir='ltr'>Ua*</span> <span class='ocrx_word' id='word_1_191' title='bbox 1049 2084 1193 2138; x_wconf 90' lang='lat' dir='ltr'>pater</span> <span class='ocrx_word' id='word_1_192' title='bbox 1221 2077 1283 2123; x_wconf 86' lang='lat' dir='ltr'>de</span> <span class='ocrx_word' id='word_1_193' title='bbox 1319 2077 1421 2122; x_wconf 63' lang='lat' dir='ltr'>Usa</span> <span class='ocrx_word' id='word_1_194' title='bbox 1455 2094 1602 2137; x_wconf 89' lang='grc'>1299,</span> <span class='ocrx_word' id='word_1_195' title='bbox 1636 2080 1725 2136; x_wconf 85' lang='lat' dir='ltr'>VI,</span> <span class='ocrx_word' id='word_1_196' title='bbox 1759 2096 1803 2136; x_wconf 91' lang='grc'>2,</span> <span class='ocrx_word' id='word_1_197' title='bbox 1838 2096 1951 2128; x_wconf 89' lang='grc'>220.</span> 
     </span>
     <span class='ocr_line' id='line_1_24' title="bbox 54 2164 1955 2227; baseline 0.003 -19"><span class='ocrx_word' id='word_1_198' title='bbox 54 2164 218 2221; x_wconf 55' lang='lat' dir='ltr'>(salar,</span> <span class='ocrx_word' id='word_1_199' title='bbox 259 2173 393 2211; x_wconf 89' lang='lat' dir='ltr'>terra</span> <span class='ocrx_word' id='word_1_200' title='bbox 432 2166 563 2211; x_wconf 90' lang='lat' dir='ltr'>ultra</span> <span class='ocrx_word' id='word_1_201' title='bbox 594 2165 892 2211; x_wconf 86' lang='lat' dir='ltr'>Danubium</span> <span class='ocrx_word' id='word_1_202' title='bbox 922 2182 1079 2227; x_wconf 89' lang='lat' dir='ltr'>prope</span> <span class='ocrx_word' id='word_1_203' title='bbox 1112 2165 1316 2211; x_wconf 80' lang='lat' dir='ltr'>Budam</span> <span class='ocrx_word' id='word_1_204' title='bbox 1351 2180 1498 2226; x_wconf 82' lang='grc'>1259,</span> <span class='ocrx_word' id='word_1_205' title='bbox 1532 2167 1618 2223; x_wconf 88' lang='lat' dir='ltr'>IV,</span> <span class='ocrx_word' id='word_1_206' title='bbox 1664 2183 1708 2224; x_wconf 90' lang='grc'>2,</span> <span class='ocrx_word' id='word_1_207' title='bbox 1740 2172 1856 2227; x_wconf 62' lang='grc'>448,</span> <span class='ocrx_word' id='word_1_208' title='bbox 1890 2200 1955 2203; x_wconf 75' lang='lat'>—</span> 
     </span>
     <span class='ocr_line' id='line_1_25' title="bbox 54 2253 1954 2318; baseline 0.002 -20"><span class='ocrx_word' id='word_1_209' title='bbox 54 2253 237 2316; x_wconf 55' lang='lat' dir='ltr'>(sesahc</span> <span class='ocrx_word' id='word_1_210' title='bbox 278 2262 327 2300; x_wconf 93' lang='lat' dir='ltr'>et</span> <span class='ocrx_word' id='word_1_211' title='bbox 362 2254 570 2316; x_wconf 67' lang='lat' dir='ltr'>Uzsalva</span> <span class='ocrx_word' id='word_1_212' title='bbox 611 2253 861 2314; x_wconf 62' lang='lat' dir='ltr'>(I&#39;fzfalu)</span> <span class='ocrx_word' id='word_1_213' title='bbox 907 2270 1054 2313; x_wconf 79' lang='lat'>1301,</span> <span class='ocrx_word' id='word_1_214' title='bbox 1099 2255 1188 2311; x_wconf 84' lang='lat' dir='ltr'>VI,</span> <span class='ocrx_word' id='word_1_215' title='bbox 1234 2270 1278 2311; x_wconf 94' lang='grc'>2,</span> <span class='ocrx_word' id='word_1_216' title='bbox 1322 2269 1439 2314; x_wconf 69' lang='grc'>305,</span> <span class='ocrx_word' id='word_1_217' title='bbox 1486 2284 1551 2288; x_wconf 78' lang='lat'><strong>—</strong></span> <span class='ocrx_word' id='word_1_218' title='bbox 1598 2256 1954 2318; x_wconf 57' lang='lat' dir='ltr'>Uz&#39;alla&#39;z’llqg’yc‘,</span> 
     </span>
     <span class='ocr_line' id='line_1_26' title="bbox 50 2343 1951 2401; baseline 0.001 -13"><span class='ocrx_word' id='word_1_219' title='bbox 50 2343 192 2389; x_wconf 90' lang='lat' dir='ltr'>locus</span> <span class='ocrx_word' id='word_1_220' title='bbox 233 2343 295 2389; x_wconf 86' lang='lat' dir='ltr'>ad</span> <span class='ocrx_word' id='word_1_221' title='bbox 340 2343 560 2399; x_wconf 82' lang='lat' dir='ltr'>Budam,</span> <span class='ocrx_word' id='word_1_222' title='bbox 610 2358 757 2398; x_wconf 89' lang='grc'>1212,</span> <span class='ocrx_word' id='word_1_223' title='bbox 791 2343 887 2399; x_wconf 86' lang='grc' dir='ltr'>ΙΙΙ,</span> <span class='ocrx_word' id='word_1_224' title='bbox 937 2358 978 2399; x_wconf 93' lang='grc'>1,</span> <span class='ocrx_word' id='word_1_225' title='bbox 1028 2358 1139 2401; x_wconf 91' lang='grc'>119.</span> <span class='ocrx_word' id='word_1_226' title='bbox 1185 2343 1262 2389; x_wconf 89' lang='lat' dir='ltr'>Cf.</span> <span class='ocrx_word' id='word_1_227' title='bbox 1306 2344 1461 2390; x_wconf 87' lang='lat' dir='ltr'>etiam</span> <span class='ocrx_word' id='word_1_228' title='bbox 1502 2362 1549 2390; x_wconf 93' lang='lat' dir='ltr'>n.</span> <span class='ocrx_word' id='word_1_229' title='bbox 1594 2345 1689 2391; x_wconf 92' lang='lat' dir='ltr'>loci</span> <span class='ocrx_word' id='word_1_230' title='bbox 1732 2345 1864 2390; x_wconf 54' lang='lat' dir='ltr'>(swas</span> <span class='ocrx_word' id='word_1_231' title='bbox 1906 2347 1951 2391; x_wconf 90' lang='lat' dir='ltr'>in</span> 
     </span>
     <span class='ocr_line' id='line_1_27' title="bbox 49 2431 1950 2496; baseline 0.001 -19"><span class='ocrx_word' id='word_1_232' title='bbox 49 2439 182 2478; x_wconf 87' lang='lat' dir='ltr'>terra</span> <span class='ocrx_word' id='word_1_233' title='bbox 223 2432 515 2479; x_wconf 84' lang='lat' dir='ltr'>Siculorum</span> <span class='ocrx_word' id='word_1_234' title='bbox 557 2432 693 2493; x_wconf 85' lang='lat' dir='ltr'>(villa</span> <span class='ocrx_word' id='word_1_235' title='bbox 739 2431 879 2476; x_wconf 64' lang='lat' dir='ltr'>Uszm</span> <span class='ocrx_word' id='word_1_236' title='bbox 919 2449 963 2477; x_wconf 88' lang='lat' dir='ltr'>v.</span> <span class='ocrx_word' id='word_1_237' title='bbox 1008 2432 1278 2493; x_wconf 79' lang='lat' dir='ltr'>registrum</span> <span class='ocrx_word' id='word_1_238' title='bbox 1320 2433 1654 2490; x_wconf 87' lang='lat' dir='ltr'>decimarum,</span> <span class='ocrx_word' id='word_1_239' title='bbox 1692 2451 1805 2496; x_wconf 91' lang='lat' dir='ltr'>pag.</span> <span class='ocrx_word' id='word_1_240' title='bbox 1850 2436 1950 2495; x_wconf 75' lang='lat'>667</span> 
     </span>
     <span class='ocr_line' id='line_1_28' title="bbox 48 2519 1945 2584; baseline 0.001 -18"><span class='ocrx_word' id='word_1_241' title='bbox 48 2528 97 2566; x_wconf 92' lang='lat' dir='ltr'>et</span> <span class='ocrx_word' id='word_1_242' title='bbox 126 2520 359 2581; x_wconf 81' lang='lat' dir='ltr'>passim).</span> <span class='ocrx_word' id='word_1_243' title='bbox 406 2519 633 2567; x_wconf 86' lang='lat' dir='ltr'>Ultimus</span> <span class='ocrx_word' id='word_1_244' title='bbox 663 2520 1012 2566; x_wconf 89' lang='lat' dir='ltr'>Cumanorum</span> <span class='ocrx_word' id='word_1_245' title='bbox 1051 2520 1366 2580; x_wconf 86' lang='lat' dir='ltr'>Hungariae,</span> <span class='ocrx_word' id='word_1_246' title='bbox 1410 2522 1495 2583; x_wconf 92' lang='lat' dir='ltr'>qui</span> <span class='ocrx_word' id='word_1_247' title='bbox 1529 2522 1730 2584; x_wconf 80' lang='lat' dir='ltr'>linguae</span> <span class='ocrx_word' id='word_1_248' title='bbox 1771 2539 1945 2568; x_wconf 77' lang='lat' dir='ltr'>verna-</span> 
     </span>
     <span class='ocr_line' id='line_1_29' title="bbox 49 2592 1952 2671; baseline 0.002 -17"><span class='ocrx_word' id='word_1_249' title='bbox 49 2609 193 2654; x_wconf 91' lang='lat' dir='ltr'>culae</span> <span class='ocrx_word' id='word_1_250' title='bbox 247 2608 507 2670; x_wconf 87' lang='lat' dir='ltr'>quandam</span> <span class='ocrx_word' id='word_1_251' title='bbox 548 2608 808 2654; x_wconf 89' lang='lat' dir='ltr'>notionem</span> <span class='ocrx_word' id='word_1_252' title='bbox 850 2609 945 2654; x_wconf 92' lang='lat' dir='ltr'>etsi</span> <span class='ocrx_word' id='word_1_253' title='bbox 1005 2625 1251 2671; x_wconf 88' lang='lat' dir='ltr'>perquam</span> <span class='ocrx_word' id='word_1_254' title='bbox 1307 2592 1674 2656; x_wconf 74' lang='lat' dir='ltr'>defectuosain</span> <span class='ocrx_word' id='word_1_255' title='bbox 1712 2611 1952 2657; x_wconf 88' lang='lat' dir='ltr'>habuisse</span> 
     </span>
     <span class='ocr_line' id='line_1_30' title="bbox 48 2696 1951 2761; baseline 0.002 -19"><span class='ocrx_word' id='word_1_256' title='bbox 48 2696 220 2754; x_wconf 87' lang='lat' dir='ltr'>fertur,</span> <span class='ocrx_word' id='word_1_257' title='bbox 276 2697 412 2743; x_wconf 86' lang='lat' dir='ltr'>idem</span> <span class='ocrx_word' id='word_1_258' title='bbox 469 2698 785 2743; x_wconf 77' lang='lat' dir='ltr'>STEPHANUS</span> <span class='ocrx_word' id='word_1_259' title='bbox 834 2699 1015 2744; x_wconf 68' lang='lat' dir='ltr'><strong>VARRO</strong></span> <span class='ocrx_word' id='word_1_260' title='bbox 1077 2698 1123 2758; x_wconf 85' lang='lat'>(†</span> <span class='ocrx_word' id='word_1_261' title='bbox 1185 2699 1333 2760; x_wconf 85' lang='lat'>1771)</span> <span class='ocrx_word' id='word_1_262' title='bbox 1392 2698 1500 2755; x_wconf 84' lang='lat' dir='ltr'>fuit,</span> <span class='ocrx_word' id='word_1_263' title='bbox 1557 2698 1702 2760; x_wconf 87' lang='lat' dir='ltr'>cujus</span> <span class='ocrx_word' id='word_1_264' title='bbox 1750 2698 1855 2761; x_wconf 87' lang='lat' dir='ltr'>jam</span> <span class='ocrx_word' id='word_1_265' title='bbox 1904 2700 1951 2745; x_wconf 92' lang='lat' dir='ltr'>in</span> 
     </span>
     <span class='ocr_line' id='line_1_31' title="bbox 50 2785 1627 2847; baseline 0.001 -16"><span class='ocrx_word' id='word_1_266' title='bbox 50 2785 214 2846; x_wconf 89' lang='lat' dir='ltr'>primo</span> <span class='ocrx_word' id='word_1_267' title='bbox 256 2785 480 2846; x_wconf 89' lang='lat' dir='ltr'>capitulo</span> <span class='ocrx_word' id='word_1_268' title='bbox 521 2785 999 2847; x_wconf 86' lang='lat' dir='ltr'>prolegomenorum</span> <span class='ocrx_word' id='word_1_269' title='bbox 1041 2786 1353 2832; x_wconf 87' lang='lat' dir='ltr'>mentionem</span> <span class='ocrx_word' id='word_1_270' title='bbox 1395 2786 1627 2833; x_wconf 83' lang='lat' dir='ltr'>fecimus.</span> 
     </span>
    </p>

    <p class='ocr_par' dir='ltr' id='par_1_3' title="bbox 36 2874 1949 3289">
     <span class='ocr_line' id='line_1_32' title="bbox 186 2874 1949 2937; baseline 0.001 -18"><span class='ocrx_word' id='word_1_271' title='bbox 186 2875 403 2937; x_wconf 84' lang='lat' dir='ltr'>Jazyges</span> <span class='ocrx_word' id='word_1_272' title='bbox 445 2875 793 2920; x_wconf 88' lang='lat' dir='ltr'>Cumanorum</span> <span class='ocrx_word' id='word_1_273' title='bbox 834 2874 1081 2935; x_wconf 83' lang='lat' dir='ltr'>sagittarii</span> <span class='ocrx_word' id='word_1_274' title='bbox 1122 2875 1533 2931; x_wconf 81' lang='lat' dir='ltr'>nominabantur,</span> <span class='ocrx_word' id='word_1_275' title='bbox 1590 2876 1775 2934; x_wconf 81' lang='lat' dir='ltr'>sagitta</span> <span class='ocrx_word' id='word_1_276' title='bbox 1815 2876 1949 2921; x_wconf 83' lang='lat' dir='ltr'>enim</span> 
     </span>
     <span class='ocr_line' id='line_1_33' title="bbox 46 2962 1947 3024; baseline 0.001 -18"><span class='ocrx_word' id='word_1_277' title='bbox 46 2962 94 3006; x_wconf 92' lang='lat' dir='ltr'>in</span> <span class='ocrx_word' id='word_1_278' title='bbox 135 2962 367 3008; x_wconf 85' lang='lat' dir='ltr'>dialectis</span> <span class='ocrx_word' id='word_1_279' title='bbox 407 2963 613 3008; x_wconf 86' lang='lat' dir='ltr'>turcicis</span> <span class='ocrx_word' id='word_1_280' title='bbox 641 2963 727 3024; x_wconf 60' lang='lat' dir='ltr'>ja?</span> <span class='ocrx_word' id='word_1_281' title='bbox 763 2963 839 3008; x_wconf 89' lang='lat' dir='ltr'>vel</span> <span class='ocrx_word' id='word_1_282' title='bbox 868 2962 947 3024; x_wconf 71' lang='lat' dir='ltr'>jez&#39;</span> <span class='ocrx_word' id='word_1_283' title='bbox 985 2963 1291 3019; x_wconf 87' lang='lat' dir='ltr'>nominatur,</span> <span class='ocrx_word' id='word_1_284' title='bbox 1321 2963 1599 3024; x_wconf 66' lang='lat' dir='ltr'>s&#39;‹12·c²&#39;2·v&lt;;1·‹›</span> <span class='ocrx_word' id='word_1_285' title='bbox 1630 2964 1947 3021; x_wconf 78' lang='lat' dir='ltr'>sagittarium</span> 
     </span>
     <span class='ocr_line' id='line_1_34' title="bbox 49 3050 1948 3112; baseline 0.002 -18"><span class='ocrx_word' id='word_1_286' title='bbox 49 3050 319 3111; x_wconf 83' lang='lat' dir='ltr'>significat,</span> <span class='ocrx_word' id='word_1_287' title='bbox 379 3068 495 3096; x_wconf 91' lang='lat' dir='ltr'>cum</span> <span class='ocrx_word' id='word_1_288' title='bbox 554 3068 656 3112; x_wconf 86' lang='lat' dir='ltr'>qua</span> <span class='ocrx_word' id='word_1_289' title='bbox 697 3068 819 3096; x_wconf 82' lang='lat' dir='ltr'>voce</span> <span class='ocrx_word' id='word_1_290' title='bbox 862 3052 1194 3109; x_wconf 80' lang='lat' dir='ltr'>hungaricuni</span> <span class='ocrx_word' id='word_1_291' title='bbox 1238 3051 1291 3112; x_wconf 69' lang='lat' dir='ltr'>ij,</span> <span class='ocrx_word' id='word_1_292' title='bbox 1342 3051 1466 3112; x_wconf 42' lang='lat' dir='ltr'>isal&amp;</span> <span class='ocrx_word' id='word_1_293' title='bbox 1506 3052 1653 3112; x_wconf 82' lang='lat' dir='ltr'>plane</span> <span class='ocrx_word' id='word_1_294' title='bbox 1696 3053 1948 3097; x_wconf 68' lang='lat' dir='ltr'>convenit.</span> 
     </span>
     <span class='ocr_line' id='line_1_35' title="bbox 50 3138 1946 3199; baseline 0 -15"><span class='ocrx_word' id='word_1_295' title='bbox 50 3138 337 3199; x_wconf 78' lang='lat' dir='ltr'>Scriptores</span> <span class='ocrx_word' id='word_1_296' title='bbox 392 3139 754 3197; x_wconf 85' lang='lat' dir='ltr'>Hungarorum</span> <span class='ocrx_word' id='word_1_297' title='bbox 815 3139 954 3184; x_wconf 86' lang='lat' dir='ltr'>latini</span> <span class='ocrx_word' id='word_1_298' title='bbox 997 3139 1206 3184; x_wconf 83' lang='lat' dir='ltr'>formam</span> <span class='ocrx_word' id='word_1_299' title='bbox 1264 3140 1585 3197; x_wconf 75' lang='lat' dir='ltr'>originariam</span> <span class='ocrx_word' id='word_1_300' title='bbox 1629 3140 1946 3185; x_wconf 67' lang='lat' dir='ltr'>‹tumsuiicam</span> 
     </span>
     <span class='ocr_line' id='line_1_36' title="bbox 36 3225 1947 3289; baseline 0.001 -18"><span class='ocrx_word' id='word_1_301' title='bbox 36 3225 179 3286; x_wconf 61' lang='lat' dir='ltr'>jaic&#39;k&#39;,</span> <span class='ocrx_word' id='word_1_302' title='bbox 237 3227 302 3287; x_wconf 91' lang='lat' dir='ltr'>pl.</span> <span class='ocrx_word' id='word_1_303' title='bbox 333 3226 549 3288; x_wconf 66' lang='lat' dir='ltr'>J&#39;ai&#39;c&#39;l&#39;lar</span> <span class='ocrx_word' id='word_1_304' title='bbox 598 3227 806 3272; x_wconf 79' lang='lat' dir='ltr'>tandem</span> <span class='ocrx_word' id='word_1_305' title='bbox 848 3227 895 3272; x_wconf 90' lang='lat' dir='ltr'>in</span> <span class='ocrx_word' id='word_1_306' title='bbox 941 3227 1245 3289; x_wconf 77' lang='lat' dir='ltr'>«jassonem,</span> <span class='ocrx_word' id='word_1_307' title='bbox 1284 3228 1546 3289; x_wconf 83' lang='lat' dir='ltr'>jassones»</span> <span class='ocrx_word' id='word_1_308' title='bbox 1599 3236 1947 3289; x_wconf 59' lang='lat' dir='ltr'>coriiqierunt,</span> 
     </span>
    </p>

    <p class='ocr_par' dir='ltr' id='par_1_4' title="bbox 1738 3319 1787 3357">
     <span class='ocr_line' id='line_1_37' title="bbox 1738 3319 1787 3357; baseline 0 -24"><span class='ocrx_word' id='word_1_309' title='bbox 1738 3319 1787 3357; x_wconf 72' lang='lat' dir='ltr'>s.</span> 
     </span>
    </p>
   </div>
  </div>
 </body>
</html>
