2187 3652
957 151 997 177 LI

793 264 1161 310 Salutationes.

168 353 242 398 La
281 352 567 397 obetheron!
606 352 926 414 alallajdom!
964 349 1244 412 Altffekmf!
1283 356 1476 395 [camene
1492 352 1512 394 J
1549 349 1749 406 kenmz'e,
1790 350 1927 394 scini-

25 441 123 486 vz'co
160 446 339 503 lengcle
377 440 587 487 helebele.

171 530 283 574 Has
313 528 520 574 ultimas
547 528 882 575 salutationes
903 530 1105 592 JERNEY
1135 528 1455 588 aliquantum
1484 525 1682 572 diverse
1712 526 1929 587 scriptas

27 616 335 678 publicavit:
366 616 687 662 Laobetlwom
703 618 723 661 J
750 616 1042 678 Alalcajdon
1061 619 1081 661 J
1108 614 1384 677 Alasekors
1422 614 1664 660 Teneone!
1694 613 1930 659 A'enade!

26 704 304 750 lszcc'm'vz'co
319 707 339 750 s
388 705 687 767 Tcngvlebcle
700 708 720 749 J

169 793 337 839 Voces
377 793 674 854 praedictae
715 793 870 839 etiam
913 793 961 838 in
1002 792 1351 854 manuscripto
1403 791 1627 854 quodam
1670 792 1929 837 DANIELIS

27 880 299 927 CORNIDES
340 880 412 926 ita
451 882 674 943 scriptae
716 881 810 942 legi
852 889 1095 943 possunt:

168 969 552 1015 Laobcllcerom!
579 969 922 1016 Alalzaz'dom!
948 969 1228 1031 sllaselcors
1264 970 1513 1015 Tenesne!
1554 968 1790 1014 lx'enade!
1832 968 1928 1013 Sci-

28 1058 203 1103 m'visco
231 1058 411 1120 lengele
437 1057 663 1103 lzelebele¹

171 1147 317 1192 Haec
360 1146 538 1192 ultima
578 1146 729 1193 lectio
770 1164 799 1192 a
839 1146 991 1208 priori
1032 1162 1210 1208 parum
1265 1152 1465 1190 tantum
1522 1144 1705 1191 differt.
1750 1145 1929 1191 Versio

26 1234 305 1295 hungarica
345 1234 741 1281 salutationibus
781 1234 1097 1281 collectionis
1128 1234 1419 1281 GABRIELIS
1461 1233 1742 1280 TERBoLcs
1771 1250 1928 1295 appo-

27 1322 123 1368 sita
151 1322 339 1369 diserte
369 1322 704 1380 demonstrat,
736 1340 822 1369 eas
846 1323 1105 1384 dialogum
1135 1322 1490 1368 brevissimum
1522 1323 1685 1368 salute
1716 1330 1927 1383 accepta

26 1418 74 1456 et
103 1410 304 1457 reddita
344 1411 620 1458 continere.
665 1412 837 1457 Prima
865 1411 1066 1473 questio
1102 1410 1252 1473 hujus
1281 1410 1467 1473 dialogi
1506 1409 1720 1455 Teneone
1746 1409 1930 1456 leenade

27 1516 137 1545 esse
159 1499 376 1557 videtur,
402 1499 452 1546 id
476 1507 552 1546 est
574 1499 774 1546 {22⁹}szer
797 1499 1099 1562 milcemz'l'ng
1120 1498 1409 1561 «quomodo
1432 1499 1572 1545 vales
1600 1506 1654 1545 tu
1676 1498 1722 1545 Ρ»
1757 1501 1927 1544 Anam

26 1587 129 1634 linc?
145 1593 483 1651 lzcrtzmgi'smu
507 1588 640 1635 enim
664 1589 712 1634 in
736 1588 907 1650 lingua
929 1588 1123 1635 turcica
1146 1587 1379 1634 orientali
1409 1587 1697 1649 «quomodo
1720 1587 1859 1633 vales
1876 1587 1922 1633 P»

27 1675 294 1738 significat,
320 1675 538 1739 kemling
551 1693 669 1723 vero
691 1684 745 1723 tu
768 1677 977 1739 quidem
1002 1676 1270 1738 significat.
1306 1677 1645 1723 Interlocutor
1673 1677 1928 1738 questioni

26 1764 322 1826 praedictae
363 1782 478 1811 cum
518 1764 827 1822 laobellcrom,
874 1765 923 1811 id
967 1773 1043 1811 est
1086 1773 1198 1839 [⁶25³
1227 1762 1290 1831 52!
1334 1761 1420 1823 2435
1468 1765 1689 1827 «optime
1749 1766 1922 1812 valeo»

26 1853 317 1915 respondet,
339 1871 493 1916 quam
517 1854 705 1900 laetam
730 1853 1111 1916 responsionem
1135 1854 1396 1916 quaesitor
1419 1871 1533 1900 cum
1558 1855 1929 1901 exclamatione

25 1941 233 1987 Alczlclm
283 1941 513 1999 hamdan,
564 1942 774 1988 Alczltlca
824 1941 1010 1987 §akran
1051 1942 1252 2003 accepit
1291 1942 1481 2003 gratias
1523 1943 1635 1988 Deo
1676 1950 1820 1988 actas
1860 1943 1929 1988 ita

26 2031 357 2077 continuans:
389 2031 568 2077 istcim‘b
595 2031 695 2077 bila·
716 2031 971 2093 lengr‘l'den
998 2030 1199 2076 ll'lerbelc
1237 2048 1383 2077 «cum
1408 2030 1662 2077 desiderio
1692 2032 1927 2092 (salutem

25 2120 185 2181 tuam)
209 2137 237 2165 a
265 2120 377 2166 Deo
407 2137 678 2182 exposco».
712 2120 752 2165 S
778 2127 1091 2181 protractum
1122 2120 1320 2181 copista
1349 2119 1588 2165 facillime
1618 2119 1792 2181 cums
1811 2136 1927 2165 con-

26 2207 235 2253 fundere
288 2209 454 2269 potuit
497 2216 547 2254 et
588 2209 658 2255 ita
698 2208 933 2254 effectum
975 2216 1067 2265 est,
1124 2215 1176 2253 ut
1230 2208 1340 2253 loco
1379 2207 1567 2253 s'ffkmin
1619 2208 1929 2270 exemplaria

26 2295 362 2358 nostrasekor
385 2296 675 2342 exhibeant.
695 2297 863 2343 Voces
892 2296 1130 2342 arabicae
1159 2296 1208 2342 in
1239 2296 1315 2342 his
1345 2295 1739 2342 salutationibus
1767 2295 1926 2341 admi-

27 2383 276 2430 rationem
308 2384 516 2430 minime
545 2384 787 2441 efficiunt,
819 2385 1011 2446 optime
1053 2385 1187 2430 enim
1218 2384 1549 2431 doctissimus
1581 2386 1726 2431 BLAU
1757 2384 1927 2430 obser-

25 2471 176 2528 vavit,
196 2472 420 2534 linguam
450 2473 709 2519 arabicam
732 2481 781 2520 et
805 2473 1073 2535 persicam,
1096 2474 1210 2535 plus
1233 2490 1388 2535 quam
1413 2473 1614 2536 linguae
1637 2472 1927 2519 occidenta—

26 2560 114 2617 les,
146 2560 368 2607 indolem
398 2561 657 2608 idiomatis
684 2562 938 2608 cumanici
968 2562 1217 2608 affecisse.
1251 2564 1422 2623 Quum
1452 2562 1500 2608 in
1531 2562 1713 2619 litteris
1744 2563 1927 2607 summi

26 2648 282 2710 pontificis
313 2651 548 2696 HONORII
583 2651 669 2697 IV.
712 2650 776 2696 ad
818 2667 986 2712 regem
1019 2651 1332 2697 LADISLAUM
1378 2650 1676 2713 Hungariae
1705 2650 1768 2696 de
1797 2667 1929 2696 anno

34 2739 162 2796 1287
204 2738 406 2800 scriptis
447 2738 679 2800 legimus
723 2755 893 2800 regem
935 2756 1049 2785 cum
1091 2739 1214 2801 ipsis
1245 2740 1517 2786 Saracenis
1556 2739 1845 2786 conversari
1880 2747 1928 2784 et

27 2825 159 2872 hunc
188 2825 471 2873 litterarum
501 2827 668 2874 locum
698 2845 813 2874 cum
843 2828 1177 2889 sequentibus
1206 2827 1268 2875 (le
1296 2829 1478 2875 eodem
1515 2845 1630 2890 rege
1663 2829 1929 2873 LADISLAO

25 2914 239 2960 vocibus
280 2914 613 2962 THUROCZII:
663 2915 958 2962 «cumanice
988 2923 1037 2962 et
1066 2933 1164 2962 non
1190 2917 1441 2963 catholice
1471 2916 1871 2963 conversabatur
1886 2921 1929 2957 »²

168 3092 177 3107 ¹
205 3089 312 3121 Tom.
359 3089 430 3121 III.
474 3089 575 3122 Part.
619 3089 668 3122 11.
710 3100 800 3132 pag.
843 3099 899 3133 94.
942 3089 1175 3132 Fragmenta
1215 3090 1359 3133 aliquot
1391 3090 1651 3133 Diplomatum
1681 3095 1716 3123 vt
1744 3090 1924 3122 Actorum

25 3152 273 3195 publicorum.
321 3153 412 3195 l'ag.
459 3162 535 3197 117.
581 3154 680 3186 Inter
708 3153 803 3186 Mss.
835 3153 959 3186 Musei
989 3153 1145 3187 Nation.
1178 3154 1308 3195 Hung.
1339 3154 1384 3187 V.
1414 3153 1517 3198 apud
1544 3155 1728 3200 JERNEY.
1759 3154 1866 3186 Tum.
1900 3154 1924 3186 l.

28 3216 122 3259 I’ag.
153 3216 350 3261 295—296.

166 3285 179 3300 ²
206 3280 394 3315 Chronica
422 3281 706 3326 Hungarorum.
737 3282 830 3315 Pars
860 3282 908 3316 II.
938 3293 1022 3327 cap.
1053 3283 1110 3316 80.
