2187 3652
710 949 940 1016 PRAE
955 947 1301 1017 FATIO.

198 1244 346 1306 Opus
386 1245 627 1291 editionis
667 1245 825 1291 totius
868 1245 1062 1292 codicis
1104 1247 1358 1293 cumanici
1402 1247 1729 1293 bibliothecae
1770 1250 1966 1296 addivi

60 1341 236 1385 MARcl
277 1339 609 1386 Venetiarum
652 1357 740 1386 sex
791 1340 977 1387 abhinc
1029 1341 1175 1387 annis
1227 1359 1256 1388 a
1297 1359 1377 1388 me
1419 1350 1716 1404 susceptum
1758 1344 1965 1390 tandem

57 1440 344 1496 exequutus
379 1450 508 1480 sum.
550 1435 665 1480 Hoc
695 1451 824 1496 opus
854 1452 977 1481 sane
1007 1435 1221 1482 arduum
1252 1436 1374 1482 mihi
1404 1436 1559 1482 etiam
1589 1454 1649 1483 eo
1676 1439 1964 1499 aggravavi,

57 1527 193 1590 quod
250 1528 630 1591 prolegomena,
685 1529 1047 1576 annotationes
1099 1530 1682 1593 interpretationemque
1734 1540 1965 1579 textuum

57 1622 444 1669 cumanicorum
502 1623 673 1685 lingua
727 1623 885 1670 latina
938 1624 1208 1671 scribenda
1261 1625 1647 1672 constitueram.
1712 1627 1963 1689 Linguam

57 1717 268 1764 latinam
298 1717 362 1763 ob
403 1718 531 1764 duas
572 1735 757 1765 causas
798 1719 926 1782 elegi
963 1735 1004 1776 Ι,
1036 1720 1171 1782 quod
1202 1719 1353 1782 hujus
1379 1721 1579 1783 generis
1607 1738 1762 1783 opera
1796 1721 1965 1784 lingua

56 1812 295 1858 omnibus
345 1813 466 1859 viris
519 1813 687 1860 doctis
740 1813 1010 1860 notissima
1062 1814 1213 1860 scribi
1268 1814 1457 1861 debent
1501 1831 1545 1872 2,
1592 1817 1777 1877 glossae
1820 1833 1963 1862 voca-

57 1906 239 1953 bularii
279 1907 534 1955 cumanici
575 1909 624 1954 in
665 1908 777 1970 ipso
818 1908 996 1955 codice
1037 1909 1325 1956 Venetiano
1366 1927 1455 1972 per
1505 1911 1756 1957 vocabula
1808 1911 1965 1958 latina

56 2001 324 2063 explicatae
365 2010 498 2049 sunt.
541 2002 619 2049 Te
660 2010 833 2050 autem
875 2003 1093 2049 candide
1137 2004 1356 2051 Lector!
1413 2022 1500 2051 oro
1541 2013 1695 2068 atque
1736 2005 1963 2063 obsecro,

56 2103 111 2142 ut
151 2095 275 2142 mihi
316 2096 546 2144 defectus
586 2105 636 2143 et
676 2097 863 2144 menda
903 2114 1025 2144 sane
1066 2099 1227 2145 multa
1279 2106 1327 2145 et
1368 2099 1541 2160 gravia
1590 2100 1706 2161 styli
1748 2100 1964 2162 benigne

56 2191 308 2253 ignoscas.
378 2192 494 2238 Hoc
535 2209 741 2255 quoque
783 2192 910 2238 bene
963 2192 1069 2239 scio
1120 2210 1213 2239 nec
1266 2194 1628 2256 prolegomena
1679 2194 1965 2241 defectibus

56 2292 107 2332 et
145 2285 400 2332 erroribus
440 2294 642 2333 exemta
681 2286 803 2344 fore,
867 2304 983 2334 nam
1024 2305 1084 2334 ea
1124 2288 1296 2349 procul
1349 2305 1378 2333 a
1419 2289 1741 2350 suppelectili
1783 2288 1963 2335 biblio-

56 2380 320 2427 thecarum
362 2381 412 2427 in
453 2381 728 2427 solitudine
769 2382 965 2428 castelli
1008 2382 1600 2429 Maros-Nemethiensis
1640 2383 1963 2430 conscribere

56 2491 266 2521 necesse
319 2475 490 2532 habui,
547 2482 778 2522 attamen
828 2475 1147 2522 confidenter
1199 2493 1347 2538 spero
1390 2494 1468 2522 me
1510 2477 1691 2523 saltem
1739 2478 1787 2523 in
1830 2477 1961 2523 solu-

54 2570 194 2616 tione
257 2569 580 2631 quarundam
635 2570 980 2633 quaestionum
1040 2571 1314 2617 arduarum
1381 2572 1610 2632 proxime
1669 2572 1733 2618 ad
1788 2588 1961 2618 verum

55 2663 353 2710 accessisse.
421 2664 597 2711 Etiam
652 2665 700 2711 in
754 2664 971 2711 lectione
1030 2673 1080 2711 et
1133 2665 1555 2726 interpretatione
1595 2666 1962 2712 vocabulorum

55 2765 392 2820 textuumque
444 2759 830 2806 cumanicorum
873 2776 953 2805 me
1007 2775 1144 2821 saepe
1199 2775 1366 2806 errare
1420 2759 1822 2822 haudquaquam
1881 2777 1961 2806 me

56 2851 197 2898 latet.

197 2946 331 2993 Viris
395 2947 562 2994 doctis
637 2949 882 2994 ANTONIO
947 2947 1271 3004 SCHIEFNER,
1351 2948 1436 2994 lib.
1505 2948 1680 2994 baroni
1749 2948 1962 2995 CARoLo

57 3040 359 3098 GERINGER,
415 3041 629 3088 CARoLo
668 3042 827 3106 JULio
868 3042 1137 3098 ScHRoER,
1192 3042 1400 3088 OTTONI
1446 3042 1682 3098 KELLER,
1737 3042 1962 3088 ATTILio

60 3135 282 3191 Hormus,
327 3134 583 3181 GABRIELI
614 3135 676 3181 de
709 3135 930 3192 BALINT,
972 3136 1190 3181 ANGELo
1230 3136 1292 3182 de
1323 3136 1670 3182 GUBERNATIS
1710 3143 1760 3182 et
1789 3137 1959 3182 ARONI

57 3228 120 3274 (le
173 3228 400 3275 SZILADY
451 3237 694 3290 acceptas
746 3229 906 3275 refero
962 3230 1230 3279 nonnullas
1282 3230 1666 3276 observationes
1725 3237 1773 3275 et
1832 3229 1960 3276 indi-

57 3321 285 3368 cationes
325 3323 510 3369 summi
552 3323 816 3380 momenti,
864 3340 992 3385 quas
1033 3323 1101 3369 illi
1144 3323 1265 3369 mihi
1320 3324 1516 3385 roganti
1570 3323 1753 3383 insigni
1808 3323 1959 3371 benc-
