2187 3652
1005 130 1118 155 CXXV

111 242 338 287 verticali
380 241 584 302 adjecta
626 242 672 286 in
714 241 744 286 k
784 242 1162 298 transmutavit,
1205 259 1248 287 e.
1291 258 1336 301 g.
1382 259 1493 302 pag.
1543 258 1602 288 Io
1642 243 1911 297 solcamlen,
1960 245 2007 289 in

111 329 224 374 aliis
264 333 382 375 vero
423 329 597 374 formis
638 330 835 375 litteras
877 329 1093 374 omissas
1134 329 1353 386 addidit,
1395 348 1437 375 e.
1480 347 1526 389 g.
1568 331 1852 386 esz'tmfnzcn,
1904 332 2009 376 esil-

109 417 273 462 kcz'sen
314 425 363 463 et
404 417 475 463 sic
536 433 684 477 porro
727 433 815 477 per
871 424 1033 463 totam
1088 416 1519 478 conjugationem.
1577 420 1742 480 Super
1796 420 2007 465 formam

108 500 347 550 affz‘rfa‘ssacle
372 512 645 551 annotator
667 504 913 566 syllabam
931 521 995 566 gn
1018 505 1307 565 adscripsit,
1331 513 1382 551 et
1404 506 1659 553 interdum
1683 515 1845 553 totam
1874 508 2005 568 glos-

112 610 220 638 sam
251 593 512 654 scriptoris
534 592 847 638 vocabularii
871 609 1165 654 expungens
1193 610 1306 638 eam
1336 593 1503 639 denuo
1537 594 1826 655 adscripsit,
1858 595 2008 641 inter—

110 680 232 726 dum
262 698 380 727 vero
409 697 561 742 super
602 680 823 726 litteram
851 697 874 725 c
899 681 1163 741 scriptoris
1189 679 1220 725 la
1250 682 1530 738 annotavit,
1575 699 1617 728 e.
1648 699 1693 744 g.
1731 676 1915 745 gffrar,
1945 715 2011 717 -η

100 766 299 831 yid‘rar.
331 769 564 830 Scriptor
585 776 754 814 textus
781 785 894 830 pag.
925 784 1017 828 143
1055 768 1250 815 codicis
1282 769 1596 831 negligenter
1623 771 1782 816 taretia·
1807 773 2009 833 scripsit

110 874 202 919 pro
230 857 411 903 taretdi
441 856 782 919 «generavit».
826 856 941 902 Alia
980 874 1184 919 quoque
1213 857 1364 920 hujus
1391 859 1591 919 generis
1620 860 1807 906 menda
1836 861 1884 906 in
1914 861 2007 906 hac

110 945 338 991 secunda
389 945 582 991 codicis
623 952 768 1006 parte
809 945 1016 1007 reperiri
1058 954 1289 1007 possunt,
1344 964 1387 1003 e,
1429 963 1475 1008 g.
1529 964 1648 1010 seng
1698 956 1903 994 «tuum»
1961 950 2009 995 in

112 1034 342 1079 oratione
372 1034 630 1079 dominica
661 1034 771 1079 loco
809 1033 985 1096 seraing·
1019 1041 1115 1080 etc.
1159 1035 1559 1081 Denotationem
1589 1036 2010 1098 reduplicationis

111 1122 328 1183 scriptor
366 1121 678 1167 vocabularii
720 1138 875 1183 saepe
917 1121 1067 1183 plane
1109 1122 1347 1183 neglexit,
1390 1123 1490 1169 alia
1533 1131 1704 1170 autem
1746 1125 1855 1170 vice
1897 1143 2009 1171 eam

108 1217 286 1256 contra
320 1210 546 1271 regulam
588 1209 814 1267 adhibet,
858 1228 900 1256 e.
935 1227 980 1272 g.
1022 1210 1262 1273 esittzjgrler
1297 1211 1409 1257 loco
1449 1211 1711 1274 esitizqgler,
1748 1213 1828 1258 hic
1871 1214 2007 1260 idem

109 1315 245 1344 error
272 1298 428 1344 etiam
457 1298 506 1343 in
535 1298 693 1344 latina
722 1298 915 1344 codicis
956 1306 1101 1360 parte
1131 1299 1352 1356 obvenit,
1385 1317 1427 1345 c.
1458 1317 1504 1361 g.
1537 1317 1650 1362 pag.
1684 1315 1744 1362 53
1782 1303 2007 1357 «stetu»,

114 1416 173 1419 —
211 1403 326 1448 pag.
372 1399 433 1448 57
469 1404 648 1433 «ussus
688 1386 808 1449 suj».
851 1388 1139 1434 Annotator
1166 1388 1215 1435 in
1247 1390 1481 1450 exemplo
1522 1390 1755 1452 sequenti
1795 1391 2015 1453 agz'se‘bz'lc

114 1492 260 1522 «ore»
305 1492 420 1537 pag.
471 1491 565 1535 124
606 1493 783 1521 vocem
824 1475 935 1521 (mis
974 1476 1024 1522 in
1063 1476 1170 1539 agis
1209 1478 1587 1535 transmutavit,
1630 1479 1719 1524 sed
1761 1478 1867 1524 sine
1910 1480 2009 1525 ulla

110 1564 436 1621 necessitate,
478 1563 639 1610 forma
679 1564 813 1610 enim
854 1564 1075 1627 vulgaris
1114 1581 1205 1610 clus
1244 1572 1407 1621 sonat,
1451 1566 1512 1614 cf.
1555 1566 1858 1613 kazanicum
1898 1575 2012 1612 αῑιϊε

116 1669 254 1698 «os».
298 1652 588 1714 Scriptores
628 1652 822 1698 codicis
864 1669 963 1698 non
1004 1653 1166 1698 solum
1208 1653 1460 1700 vocabula
1500 1654 1673 1711 latina,
1723 1655 1813 1701 sed
1854 1656 2010 1702 etiam

112 1740 383 1787 cumanica
417 1748 467 1786 et
495 1741 695 1802 persica
724 1740 1040 1797 abbreviant,
1084 1749 1135 1787 et
1162 1742 1225 1788 ad
1255 1742 1640 1789 abbreviaturas
1669 1743 2012 1805 designandas

110 1829 323 1875 diversis
382 1829 547 1875 modis
606 1837 832 1886 utuntur,
912 1829 1150 1876 nimirum
1210 1846 1250 1876 Ι.
1306 1830 1446 1891 siglis
1498 1831 1823 1893 quibusdam,
1878 1850 2009 1894 quae

110 1917 236 1979 sigla
274 1917 353 1963 vel
394 1934 549 1979 supra
588 1918 666 1963 vel
708 1917 835 1964 infra
876 1917 1061 1964 lineam
1102 1919 1338 1980 apposita
1379 1926 1497 1965 sunt
1540 1935 1583 1966 2.
1626 1921 2010 1982 prolongatione

109 2005 430 2067 quarundam
471 2005 755 2051 litterarum
797 2005 1043 2067 peculiari
1084 2021 1130 2064 3.
1173 2007 1521 2053 contractione
1562 2008 1777 2053 duarum
1819 2008 2009 2055 littera-

108 2110 219 2139 rum
261 2093 309 2139 in
350 2110 521 2139 unam.
569 2094 625 2139 In
666 2101 811 2155 parte
852 2094 1046 2140 codicis
1087 2095 1358 2141 cumanica
1387 2095 1584 2158 signum
1615 2096 2012 2143 abbreviationis

110 2181 386 2243 plurimum
440 2182 663 2228 litteram
716 2199 748 2228 n
800 2183 1023 2244 supplet,
1078 2182 1168 2229 sed
1221 2190 1423 2244 praeter
1476 2201 1589 2230 eam
1637 2184 1766 2230 aliae
1807 2203 2010 2247 quoque

108 2269 309 2315 litterae
350 2270 729 2327 abbreviantur,
772 2288 814 2316 e.
857 2287 902 2332 g.
945 2270 987 2327 le,
1029 2288 1065 2327 r,
1121 2271 1193 2317 sic
1234 2271 1330 2317 litt.
1385 2271 1415 2317 le
1455 2272 1503 2318 in
1544 2272 1794 2318 vocabulo
1845 2268 2015 2319 kazssicli

109 2374 199 2418 pro
237 2357 437 2404 kamikli
481 2358 612 2419 (pag
662 2359 776 2420 142)
823 2366 920 2405 etc.
965 2358 1216 2405 Suffixum
1256 2359 1356 2405 dur
1382 2359 1572 2406 formae
1613 2361 1751 2406 verbi
1793 2362 2011 2407 causalis

108 2462 222 2507 pag.
283 2448 377 2505 138
431 2446 573 2508 signo
625 2447 850 2509 quodam
891 2449 920 2493 8
961 2464 1208 2510 perquam
1264 2448 1414 2494 simili
1468 2449 1768 2495 denotatum
1815 2457 1908 2495 est.
1955 2451 2010 2495 In

108 2533 331 2580 editione
373 2542 544 2580 nostra
585 2535 885 2598 plerumque
926 2535 1026 2582 duo
1080 2536 1478 2582 abbreviationis
1519 2537 1645 2598 sigla
1685 2546 2009 2599 usurpantur,

110 2638 267 2668 unum
308 2622 373 2669 ad
414 2623 742 2669 omissionem
783 2622 1052 2686 cujusdam
1094 2624 1310 2681 litterae,
1354 2626 1569 2671 alterum
1599 2626 1663 2672 ad
1702 2613 2007 2672 'contractio-

110 2727 226 2755 nem
267 2710 423 2756 totius
464 2710 655 2756 formae
699 2711 1064 2768 denotandam,
1110 2729 1263 2773 saepe
1317 2720 1490 2759 tamen
1545 2713 1670 2759 haec
1727 2715 1828 2760 <luo
1869 2715 2011 2774 signa

109 2798 414 2859 typographi
456 2806 891 2858 permutaverunt,
936 2800 1260 2862 primumque
1291 2809 1411 2847 tunc
1440 2819 1644 2863 quoquc
1675 2801 2007 2859 adhibebant,

109 2902 265 2946 quum
308 2885 355 2930 in
397 2887 541 2946 copia
587 2886 937 2947 manuscripta
976 2888 1039 2933 ad
1094 2889 1423 2934 omissionem
1467 2907 1495 2933 ν
1530 2890 1876 2935 denotandam
1920 2907 2010 2935 nos

108 2972 172 3017 ad
214 2973 516 3034 scripturam
559 2975 752 3020 codicis
793 2975 1171 3022 conformantes
1202 2979 1209 2995 ’
1243 2977 1557 3038 scripsimus.
1589 3007 1652 3009 -ψ
1686 2979 1741 3023 In
1771 2979 2008 3024 columna

108 3060 266 3105 latina
324 3061 517 3121 primae
576 3062 767 3107 codicis
826 3063 985 3123 partis
1043 3065 1291 3110 vocabula
1351 3065 1619 3111 cumanica
1671 3083 1824 3126 saepe
1879 3066 2008 3111 male

109 3148 427 3207 explicantur
478 3158 633 3211 atque
690 3151 736 3195 in
792 3150 903 3211 ipsa
944 3152 1169 3197 secunda
1224 3152 1416 3198 codicis
1469 3161 1611 3213 parte
1652 3154 1816 3199 versio
1857 3154 2008 3199 inter—

110 3234 307 3282 linealis
376 3237 534 3285 latina
598 3237 852 3285 interdurn
907 3240 1066 3286 textui
1120 3240 1391 3288 cumanico
1444 3240 1652 3288 minime
1719 3241 2008 3303 respondet,
