2187 3652
1029 110 1115 135 CXX

264 226 484 269 Formae
524 223 662 268 verbi
693 222 952 284 simplices
980 221 1236 267 interdum
1266 238 1381 267 cum
1411 221 1702 267 causalibus
1732 221 2020 281 promiscue

122 320 409 367 occurrunt,
452 329 495 357 e.
537 328 582 372 g.
626 311 974 366 mciunbanem,
1016 311 1137 371 imp.
1180 310 1373 355 bez'nmb.

267 401 320 445 In
362 400 539 445 codice
593 400 862 445 cumanico
916 399 1204 445 Venetiano
1252 406 1453 458 praeter
1503 414 1655 443 voces
1707 398 2020 453 cumanicas,

122 490 346 550 persicas
386 495 435 533 et
476 488 676 544 latinas,
720 488 992 549 praecipue
1045 488 1094 532 in
1149 487 1373 532 secunda
1414 485 1523 548 ejus
1575 494 1719 546 parte
1774 485 1910 531 haud
1952 486 2023 531 ita

123 594 317 638 paucae
357 576 681 639 germanicae
722 593 927 638 quoque
974 575 1174 637 glossae
1227 582 1516 631 occurrunt,
1571 591 1702 636 quae
1754 591 1782 620 a
1823 574 2022 620 missio-

122 665 276 710 nariis
326 664 632 726 germanicis
684 664 1005 725 conscriptae
1058 670 1380 709 constantem
1440 662 1647 709 dialecti
1699 661 2023 708 franconicae

121 751 551 812 (Mz'tleldentsclz)
580 752 998 813 orthographiam
1040 751 1274 808 offerunt,
1317 752 1388 797 ita
1428 751 1478 797 in
1507 751 1585 797 his
1624 751 1807 812 glossis
1833 751 2026 797 vocalis

123 841 142 886 i
179 841 435 887 interdum
477 841 753 902 respondet
793 858 815 886 c
861 841 1074 887 aliarum
1129 841 1468 887 dialectorum
1521 856 1564 886 e.
1606 855 1653 901 g.
1708 839 1781 885 isla
1830 839 2027 902 zwjrlclze

123 931 237 976 1000
277 929 349 975 iclz
375 929 536 986 welhe,
577 930 625 991 iy
650 946 770 975 vero
811 945 901 990 pro
940 929 987 974 ei
1023 936 1254 990 apparet,
1297 946 1340 975 e.
1372 945 1417 990 g.
1462 928 1534 974 iclc
1562 928 1689 991 riyse
1722 928 1832 975 «ich
1862 929 2022 975 reise»

122 1027 238 1075 etc.‚
282 1018 337 1063 ui
375 1026 547 1064 autem
577 1018 689 1064 loco
719 1018 770 1063 in
812 1018 1058 1079 scriptum
1100 1018 1364 1079 reperitur,
1401 1034 1443 1063 e.
1474 1033 1519 1078 g.
1549 1016 1693 1079 spmz'
1730 1017 1842 1063 loco
1868 1016 2024 1079 spriu,

124 1136 190 1140 ——
218 1106 339 1152 mich
379 1112 547 1168 vruysl
586 1108 699 1152 loco
739 1106 934 1152 t'rz'usct.
988 1107 1228 1152 Consona
1266 1123 1292 1151 ,ε
1331 1122 1485 1166 saepe
1526 1122 1615 1166 pro
1641 1122 1665 1150 s
1704 1105 1892 1166 scripta
1933 1112 2026 1161 est,

122 1214 147 1241 ,ς
187 1213 304 1242 Vero
344 1196 599 1241 interdum
641 1212 730 1256 per
756 1213 802 1240 [ς
841 1195 1142 1241 denotatum
1172 1202 1400 1256 apparet,
1444 1210 1486 1239 e.
1518 1210 1563 1253 g.
1593 1193 1769 1239 czwirn
1803 1192 2026 1239 «filum».

270 1285 475 1330 Partem
517 1284 712 1330 codicis
754 1284 913 1330 nostri
964 1284 1309 1346 germanicam
1363 1283 1499 1330 doct.
1553 1283 1799 1329 CAROLUS
1837 1283 2028 1346 JULius

125 1375 459 1429 SCHRoERus,
486 1372 741 1434 professor
759 1373 1084 1429 ViennensiS,
1111 1373 1234 1418 mihi
1258 1372 1455 1433 roganti
1475 1372 1860 1432 perhumaniter
1877 1371 2028 1417 inter-

127 1471 356 1524 pretatus
397 1470 489 1518 est,
532 1479 694 1524 eaque
735 1462 932 1507 solicite
974 1461 1200 1522 perlecta
1228 1478 1327 1507 non
1357 1461 1521 1506 solum
1550 1461 1844 1517 dialectum,
1887 1459 2031 1522 cujus

128 1552 351 1597 indolem
393 1552 592 1609 glossae
632 1551 955 1612 germanicae
997 1549 1254 1606 exhibent,
1298 1549 1386 1595 sed
1428 1550 1591 1610 ipsam
1634 1548 1785 1611 hujus
1825 1549 2031 1595 dialecti

127 1640 383 1698 regionem
426 1656 521 1700 ope
561 1639 761 1700 glossae
800 1637 900 1700 lies,
942 1655 1072 1700 quae
1113 1638 1281 1697 glossa
1323 1638 1372 1683 in
1401 1637 1626 1683 secunda
1655 1637 1849 1683 codicis
1888 1619 2058 1699 parte·

126 1729 348 1785 obvenit,
410 1728 603 1789 optime
657 1728 999 1774 determinare
1065 1727 1247 1788 potuit.
1311 1726 1580 1772 Dialectus
1632 1742 1692 1771 ea
1744 1734 1836 1782 est,
1899 1743 2032 1789 quae

133 1817 336 1863 «media
376 1817 701 1875 germanica»
745 1824 972 1873 vocatur,
1015 1823 1067 1862 at
1107 1816 1276 1876 glossa
1311 1814 1577 1876 praedicta
1616 1815 1665 1860 in
1706 1831 1765 1860 ea
1807 1831 2033 1860 commu-

127 1906 256 1951 niter
308 1922 407 1951 non
467 1913 756 1967 usurpatur,
820 1906 868 1951 in
921 1912 1067 1951 vasto
1120 1905 1254 1951 enim
1310 1902 1461 1965 hujus
1513 1903 1720 1949 dialecti
1776 1903 2032 1950 territorio

126 1995 268 2040 canis
307 1993 496 2040 femina
537 1995 837 2057 plerumque
879 1994 972 2039 sub
1013 1993 1175 2039 sorma
1202 1991 1356 2038 ,make
1382 1999 1612 2053 apparet,
1656 1992 1727 2038 ita
1760 1992 1810 2037 in
1840 1992 2031 2038 Trans-

127 2082 339 2128 silvania
403 2083 538 2143 apud
605 2082 852 2139 SaxoneS,
920 2082 969 2128 in
1037 2081 1288 2142 Scepusio
1352 2081 1537 2142 (Zips),
1604 2081 1653 2126 in
1714 2080 1916 2137 Silesia,
1983 2081 2033 2126 in

130 2171 374 2216 Borussia
427 2179 599 2217 autem
653 2170 962 2217 occidentali
1016 2171 1142 2216 haec
1195 2169 1355 2215 forma
1408 2168 1513 2225 gale,
1570 2168 1852 2230 Luxiburgi
1902 2175 2030 2230 saep,

129 2259 485 2305 Confluentiae
548 2259 732 2316 methel,
785 2264 905 2313 δαίς,
971 2258 1059 2304 sed
1125 2258 1432 2320 Aquisgrani
1493 2256 1628 2318 jam:
1693 2256 1796 2319 lias,
1858 2258 2033 2303 Bonae

127 2345 221 2409 lcjff
259 2356 423 2404 sonat,
478 2365 608 2410 quae
663 2348 824 2393 forma
865 2365 981 2393 cum
1030 2345 1125 2409 lsſj'
1151 2346 1404 2392 inferioris
1457 2346 1785 2402 Germaniae,
1839 2345 2032 2391 hollan-

128 2437 243 2482 dico
282 2436 384 2498 {ces
414 2438 562 2497 plane
616 2437 870 2482 convenit.
933 2438 1104 2497 Quum
1161 2435 1331 2495 lingua
1383 2434 1577 2480 codicis
1629 2435 1921 2496 germanica
1974 2451 2033 2480 ea

129 2526 209 2581 sit,
252 2542 383 2587 quae
424 2526 471 2570 in
513 2525 684 2570 medio
727 2525 1037 2571 Germaniae
1080 2524 1320 2586 loquitur,
1363 2540 1494 2585 quae
1535 2523 1690 2568 etiam
1726 2523 2033 2584 Aquisgrani

129 2623 177 2659 et
232 2615 408 2659 Bonae
449 2613 759 2670 dominatur,
813 2630 969 2676 quum
1030 2630 1179 2674 porro
1232 2612 1393 2657 forma
1444 2610 1541 2673 lies
1584 2619 1634 2657 et
1686 2608 2031 2673 lcff‘tantum-

130 2703 284 2748 modo
332 2702 639 2764 Aquisgrani
695 2709 745 2747 et
806 2703 984 2747 Bonae
1044 2702 1092 2747 111
1146 2702 1231 2747 illa
1284 2701 1506 2746 dialecto
1563 2707 1816 2755 occurrat,
1871 2699 2034 2760 patria

129 2791 433 2851 scriptorum
475 2791 758 2850 glossarum
801 2790 996 2835 codicis
1034 2789 1441 2847 germanicarum
1485 2788 1615 2833 inter
1654 2788 2033 2849 Aquisgranum

130 2887 181 2924 et
225 2879 425 2924 Bonam
468 2878 763 2940 quaerenda
803 2886 896 2924 est.
931 2878 1083 2923 Doct.
1117 2878 1435 2923 Scimossaus
1464 2876 1526 2922 de
1555 2876 1651 2921 hac
1680 2892 1730 2921 re
1760 2876 1831 2922 ita
1860 2876 1923 2922 ad
1953 2892 2033 2922 me

130 2967 360 3027 scripsit:
418 2967 612 3028 «Regio
654 2967 738 3013 ubi
781 2967 1032 3013 dialectus
1083 2967 1368 3027 glossarum
1421 2964 1829 3026 germanicarum
1883 2964 2034 3025 hujus

129 3055 324 3100 codicis
364 3055 617 3100 invenitur
645 3055 751 3100 sine
781 3055 938 3100 dubio
966 3054 1015 3099 111
1045 3054 1216 3099 medio
1246 3053 1557 3099 Germaniae
1593 3051 2028 3114 (Mitteldeutsch-

132 3144 268 3205 land)
305 3143 599 3205 quaerenda
629 3152 722 3189 est.
769 3144 1056 3188 pronomen
1099 3141 1366 3203 personale
1399 3158 1456 3186 er
1478 3141 1639 3186 forma
1667 3140 1725 3185 lec
1758 3139 2031 3201 (interdum

130 3232 227 3283 lla)
267 3232 504 3277 occurrit.
549 3232 768 3277 Vocales
808 3231 827 3275 ι’
865 3239 915 3276 01
953 3248 976 3275 e
1017 3231 1148 3276 inter
1188 3247 1240 3275 se
1281 3236 1678 3284 commutantur,
1721 3246 1763 3274 e.
1794 3245 1839 3290 g.
1880 3227 2039 3272 wedc'r
