2187 3652
1040 123 1177 149 LXVIII

158 246 412 284 mutatum
477 245 568 282 est.
639 237 833 281 Parnos
884 236 1036 296 igitur
1094 252 1210 280 curn
1267 235 1471 280 Parthis
1523 234 1734 280 eosdem
1787 252 1899 280 esse
1954 235 2061 297 jam

157 344 217 372 ex
259 326 422 371 verbis
462 324 891 386 praecedentibus
932 323 1115 379 elucet,
1172 322 1303 369 duae
1357 323 1491 368 enim
1545 323 1819 369 relationes
1871 322 1920 368 in
1975 340 2061 369 no-

158 413 378 459 minibus
418 422 468 459 et
508 413 556 458 in
597 412 707 474 ipso
748 411 881 458 facto
923 411 1117 472 optime
1159 411 1486 457 concordant.
1532 411 1713 457 Dahae
1757 410 1922 456 Plinio
1970 411 2058 457 do-

158 509 303 547 cente
345 518 460 547 cum
515 500 718 547 Parthis
772 500 982 546 easdem
1036 500 1174 561 leges
1221 507 1271 545 et
1323 498 1719 545 consvetudines
1774 498 2061 545 habebant:

165 589 475 635 «Multitudo
528 589 833 650 populorum
887 588 1226 644 innumerata,
1282 596 1332 634 et
1383 604 1514 649 quae
1567 604 1685 633 cum
1749 587 1954 632 Parthis
2005 604 2067 633 ex

155 695 319 739 aequo
373 677 541 738 degat.
599 675 930 723 Celeberrimi
984 693 1159 722 eorum
1219 677 1400 732 Sacae,
1453 676 1797 737 Massagetae,
1843 674 2058 720 Dahae»

158 770 282 812 etc.1
322 766 401 811 De
454 765 656 811 nomine
711 764 977 810 Daharum
1032 764 1316 814 (Man-ldae)
1353 764 1402 810 id
1456 771 1657 810 tantum
1709 763 1911 825 adjicio,
1968 763 2064 809 hoc

159 871 344 900 nomen
386 854 752 900 CUNNINGHAM
797 870 913 898 cum
964 852 1175 899 zendico
1228 852 1391 914 dalzyn
1450 852 1849 914 «depopulator»
1914 850 2064 897 inter-

159 943 390 1004 pretari,²
432 942 495 988 G.
542 943 860 988 RAWLINsON
901 957 1019 987 vero
1051 941 1230 987 Dahas
1260 941 1518 1002 proximos
1549 940 1857 986 Parthorum
1888 938 2066 986 affines

158 1030 399 1092 opinari.3
441 1031 519 1076 Ex
560 1029 636 1086 iis,
679 1047 810 1092 quae
851 1046 1005 1091 supra
1046 1029 1282 1086 diximuS,
1327 1028 1375 1074 id
1418 1045 1625 1091 quoque
1666 1028 1911 1091 sequitur,
1966 1028 2066 1074 Cu-

160 1136 337 1165 manos
391 1136 507 1164 cum
564 1118 767 1164 Parthis
820 1117 1269 1179 conjunctissimos
1317 1117 1486 1174 fuisse,
1530 1134 1684 1180 quam
1726 1116 2068 1163 arctissimam

159 1207 461 1253 affinitatem
505 1207 784 1253 GEOROEUS
827 1208 1146 1252 Rixwmxsox
1188 1206 1316 1252 libro
1357 1206 1514 1252 citato
1555 1206 1694 1252 hisce
1716 1205 1928 1252 vocibus
1950 1222 2066 1251 con-

159 1295 349 1353 firmat3
398 1313 499 1342 «we
542 1304 677 1342 must
716 1295 842 1341 view
881 1295 967 1341 the
1011 1295 1283 1340 Parthians
1324 1312 1380 1340 as
1420 1295 1506 1341 the
1547 1310 1827 1355 congeners
1882 1294 1936 1340 of
1982 1294 2068 1340 the

272 1423 280 1430 .
327 1423 334 1430 .
380 1385 658 1431 Comans».
704 1383 1051 1430 Doctissimns
1095 1384 1243 1430 BLAU
1287 1384 1550 1430 Cumanos
1591 1400 1690 1429 non
1731 1383 1896 1429 solum
1947 1383 2067 1428 Par-

161 1474 364 1519 thorum
406 1472 582 1519 affines
623 1472 762 1529 dicit,
808 1472 896 1518 sed
938 1472 1065 1518 haec
1106 1471 1206 1518 duo
1248 1471 1454 1518 nomina
1484 1471 1698 1518 eandem
1728 1479 1935 1533 gentem
1965 1478 2068 1517 tur-

161 1562 324 1607 cicam
367 1561 654 1624 significare
696 1578 793 1607 non
835 1560 1133 1607 dubitanter
1173 1560 1448 1607 existimat.
1494 1561 1573 1606 Ex
1613 1559 1824 1622 antiquo
1865 1559 2069 1605 nomine

166 1651 417 1706 Parthwa,
463 1651 718 1697 Parthava
760 1649 1040 1696 secundum
1072 1648 1549 1711 pronunciationem
1579 1648 1825 1695 iranicam
1855 1648 2070 1694 sormam

166 1740 378 1785 PAHLAV
418 1740 534 1786 oriri
576 1757 787 1787 necesse
827 1739 922 1785 fuit
961 1746 1011 1785 et
1051 1755 1236 1785 nomen
1281 1739 1631 1785 Cumanorum
1681 1736 1819 1798 apud
1878 1737 2073 1783 Russos

165 1829 408 1875 Pomwm
450 1829 600 1875 simul
643 1846 758 1875 cum
799 1827 973 1874 formis
1012 1827 1319 1889 germanicis
1358 1826 1450 1884 val,
1476 1825 1570 1888 fal
1600 1826 1664 1872 ad
1693 1826 1825 1872 hanc
1855 1825 2072 1872 formam

163 1917 406 1964 iranicam
458 1918 807 1964 reducendum
858 1924 950 1963 est.
993 1917 1220 1979 Antiqua
1260 1916 1431 1978 lingua
1473 1915 1667 1962 Pahlav
1706 1914 1842 1976 apud
1886 1915 2072 1961 Persas

165 2006 366 2067 proprie
408 2007 774 2053 Arsacidarum
815 2006 1041 2069 linguam
1081 2005 1368 2068 parthicam
1410 2003 1776 2066 significabat‚⁴
1816 2003 1905 2049 sed
1944 2012 2069 2050 tem-

165 2112 343 2156 porum
398 2095 616 2142 decursu
670 2096 857 2141 Persae
912 2094 1039 2141 falsa
1089 2094 1399 2157 etymologia
1440 2092 1602 2139 delusi
1644 2092 1737 2138 sub
1779 2093 1873 2138 hac
1915 2091 2070 2138 deno-

165 2183 443 2231 minatione
472 2185 948 2246 antiquissimorum
977 2184 1189 2230 heroum
1220 2191 1271 2229 et
1298 2199 1474 2245 regum
1504 2181 1819 2244 persicorum
1848 2181 2071 2242 linguam

163 2273 535 2330 intellexerunt,
578 2291 673 2319 vox
713 2273 846 2320 enim
887 2268 1002 2340 ,λς-ρ,
1051 2273 1100 2319 in
1141 2272 1311 2334 lingua
1352 2271 1552 2333 persica
1597 2269 1862 2326 «fortem»,
1904 2264 2071 2335 Oly-k&

164 2379 283 2407 vero
341 2363 609 2408 «heroem»
667 2362 939 2424 significat.
998 2362 1253 2424 Linguam
1294 2360 1493 2406 Pesclevi
1536 2359 1871 2414 nominatam,
1915 2374 2071 2420 quam

169 2452 326 2496 HAUG
379 2451 663 2513 antiquitus
717 2451 994 2497 dialectum
1061 2449 1348 2496 semiticam
1422 2448 1575 2494 fuisse
1640 2447 1765 2493 dicit
1817 2455 1866 2493 et
1920 2463 2068 2509 quae,

165 2540 368 2600 qualem
423 2557 555 2586 nunc
612 2540 861 2596 novimus,
917 2556 1016 2585 non
1065 2555 1273 2601 prorsus
1313 2537 1508 2584 turcica
1548 2544 1642 2594 est,
1692 2536 1850 2583 immo
1890 2522 2072 2582 i11¹sua

165 2629 444 2674 elementa:
487 2629 686 2690 persica
726 2638 775 2674 et
816 2628 1011 2674 turcica
1052 2627 1198 2673 facile
1239 2626 1450 2673 dissolvi
1492 2633 1679 2688 potest,
1720 2626 1868 2671 BLAU
1901 2625 2071 2686 lingua

167 2717 473 2763 Parthorum
515 2717 707 2763 turcica
749 2716 987 2763 affectam
1029 2716 1183 2762 fuisse
1225 2715 1534 2777 quibusdam
1576 2713 1821 2775 exemplis
1860 2713 2073 2760 demon-

165 2805 359 2861 stravit,
391 2806 663 2851 nonnullae
694 2805 827 2851 enim
856 2805 1057 2863 glossae
1085 2804 1309 2850 turcicae
1332 2802 1546 2864 imperio
1572 2802 1879 2848 Parthorum
1903 2802 2071 2848 adhuc

162 2894 364 2955 vigente
405 2894 454 2940 in
494 2893 744 2940 dialectos
783 2893 1098 2955 antiquiores
1138 2893 1364 2955 persicas
1392 2892 1718 2953 irrepserunt,
1750 2890 1884 2937 unde
1914 2889 2068 2936 etiam

310 3061 318 3075 ¹
348 3057 426 3090 Lib.
455 3057 520 3090 VI.
549 3057 641 3100 Cap.
671 3057 797 3090 XVII.

305 3127 317 3140 ²
343 3122 662 3163 Archacological
691 3122 830 3166 Survey
857 3122 896 3154 of
923 3122 1029 3154 India
1059 3121 1228 3165 (Simlae,
1263 3120 1379 3165 1871).
1411 3121 1516 3153 Tom.
1547 3120 1596 3152 ΙῘ.
1628 3119 1720 3161 Pag.
1749 3128 1804 3163 47.

307 3192 316 3212 ³
344 3186 422 3219 The
451 3187 546 3219 >mh
576 3193 682 3228 great
712 3187 870 3220 oriental
900 3186 1121 3230 Monarchy.
1152 3186 1325 3219 Londini.
1361 3185 1459 3230 1873.

309 3252 317 3269 ‡
345 3251 515 3287 ommni
544 3253 578 3284 in
607 3252 737 3297 Journ.
769 3253 835 3286 As.
871 3252 970 3297 1851,
1003 3252 1104 3286 Fevr.
1133 3263 1223 3297 pag.
1255 3260 1335 3297 279.
