2187 3652
1116 89 1142 115 X

184 204 403 253 breviter
442 205 510 252 ita
553 204 875 251 describens:
926 202 1279 249 «Decennium
1329 201 1699 249 circumactum
1753 206 1873 259 est,1
1924 217 2089 265 exquo

183 295 413 342 Venetiis
467 294 515 339 in
569 294 817 339 comitatu
872 292 948 338 Ill.
1004 293 1069 338 D.
1121 292 1343 355 JosEPHI
1396 309 1422 337 e
1476 291 1528 338 S.
1586 293 1646 337 R.
1700 292 1743 355 J.
1801 291 2090 338 Comitibus

184 384 392 429 TELEKI
433 382 496 428 de
539 381 670 429 Szek
711 389 808 427 etc.
854 380 980 426 Heri
1022 379 1448 440 Mecaenatisque
1501 380 1599 425 mei
1661 379 2089 441 indulgentissimi

182 472 362 518 fuerim
402 478 651 517 versatus.
698 471 754 515 In
797 469 1124 516 Bibliotheca
1165 468 1218 515 S.
1264 470 1440 514 MARCI
1481 468 1669 514 offendi
1712 468 1959 514 Codicem
1990 469 2088 514 Ms.

182 562 231 607 in
272 568 383 620 4-to
423 560 518 606 hoc
560 559 713 605 modo
754 559 1037 620 signatum:
1082 557 1259 603 Codex
1298 573 1455 602 DXLIX
1508 558 1645 603 Arm.
1700 556 1759 602 E.
1821 571 1861 602 Ι.
1918 556 2090 601 Prima

184 649 393 696 Codicis
433 648 620 710 pagina
660 648 737 693 his
777 646 943 693 verbis
985 654 1093 692 erat
1133 645 1379 707 inscripta

749 740 907 781 Μο00Ο
948 739 1033 780 1110
1072 733 1155 779 die
1194 750 1245 779 XI
1285 732 1402 797 Julij

327 826 385 871 In
424 818 521 871 fine
564 817 666 870 Dfii
707 817 781 870 n—ri
816 818 911 869 ihu
951 815 1058 884 Xfit
1099 829 1149 868 et
1191 822 1387 868 Beatae
1428 821 1650 883 Virginis
1681 820 1876 866 Mariae
1909 819 2091 866 Matris

184 914 292 977 ejus
333 922 383 960 et
423 913 650 959 omnium
694 913 1001 959 Sanctorum
1044 918 1094 957 et
1135 911 1443 958 Sanctarum
1486 911 1584 956 Dei
1625 911 1806 956 Amen.

325 1003 404 1050 Ad
444 1002 688 1048 honorem
732 1001 829 1047 Dei
870 1007 920 1046 et
962 999 1113 1046 Beati
1152 999 1401 1064 Johannis
1443 999 1824 1061 Evangelistae.
1883 998 1941 1043 In
1995 996 2091 1042 hoc

186 1092 342 1138 Libro
383 1090 710 1137 continentur
751 1089 1015 1135 Persicum
1057 1096 1107 1134 et
1149 1088 1494 1135 Cumanicum
1535 1086 1904 1148 Alphabetum.

327 1181 472 1227 Haec
515 1187 632 1225 sunt
672 1179 841 1225 Verba
882 1186 932 1224 et
972 1178 1181 1224 nomina
1222 1178 1284 1223 de
1324 1177 1494 1223 littera
1534 1176 1603 1223 A.

551 1290 762 1324 Cumanica
1286 1289 1445 1322 Turcico
1472 1288 1670 1321 Tartarica

182 1360 427 1406 Memoem
465 1360 731 1405 esz'tnmnen
1027 1387 1094 1390 —
1167 1373 1349 1402 masma
1460 1385 1524 1389 ———
1567 1356 1737 1412 audio,
1780 1354 1950 1401 audivi

182 1447 479 1494 Esitnfrmen
1026 1475 1093 1479 —
1168 1445 1418 1491 {sedarum
1464 1474 1530 1478 —
1571 1445 1724 1491 audio

184 1546 281 1584 etc.
324 1554 485 1599 usque
520 1537 583 1583 ad
612 1553 792 1582 vocem
822 1535 986 1581 Allan
1025 1563 1093 1567 —
1167 1535 1306 1580 atlcm
1472 1564 1522 1568 -
1568 1534 1793 1596 equita».

328 1627 617 1681 Commoris,
661 1626 734 1670 uti
776 1642 836 1671 ex
875 1624 953 1670 his
993 1625 1172 1686 paucis
1202 1624 1457 1686 excerptis
1485 1623 1643 1670 videri
1686 1630 1873 1685 potest,
1904 1622 2091 1668 formas

185 1732 389 1777 quoque
430 1715 674 1776 persicas,
718 1713 899 1759 saltem
941 1713 1158 1774 primam
1205 1713 1520 1759 vocabularii
1572 1713 1786 1758 formam
1839 1710 2090 1772 persicam

185 1812 234 1849 et
269 1803 378 1864 ejus
418 1802 830 1864 conjugationem
861 1818 952 1863 pro
981 1801 1263 1847 cumanicis
1294 1801 1488 1855 habuit,
1520 1817 1755 1846 mesnoem
1789 1800 1924 1846 enim
1949 1798 2093 1860 juxta

183 1891 449 1937 esilm‘men
485 1891 680 1936 sribens
721 1907 833 1936 eam
876 1907 1079 1953 quoque
1121 1889 1334 1935 formam
1378 1890 1470 1935 sub
1511 1889 1841 1950 inscriptione
1887 1904 2091 1933 «cuma-

186 1981 329 2027 nica»
386 1980 657 2026 collocarit
712 1988 760 2025 et
814 1996 928 2025 cum
984 1979 1145 2024 forma
1198 1978 1664 2024 turcico-tartarica
1723 1994 1906 2022 mesmu
1947 1976 2086 2039 (sicl)

188 2069 521 2131 comparavit.
566 2070 664 2115 Pro
693 2069 854 2114 forma
885 2069 1060 2115 aoristi
1085 2068 1342 2114 secundae
1371 2084 1619 2129 personae
1647 2067 1885 2112 esaum-en
1914 2083 2091 2128 perpe-

185 2176 291 2205 ram
332 2158 600 2203 esz'lzffmem
649 2159 781 2220 (cum
823 2175 867 2202 m
920 2158 968 2203 in
1011 2157 1128 2219 fine)
1176 2157 1349 2218 sripsit
1389 2174 1542 2219 super
1579 2157 1810 2203 vocalem
1850 2173 1881 2201 u
1922 2150 2094 2202 nescio

186 2264 338 2309 quam
380 2247 443 2293 ob
486 2264 590 2293 rem
643 2264 666 2292 e
717 2263 982 2308 apponens
1041 2254 1090 2292 et
1132 2263 1246 2292 cum
1289 2246 1453 2307 prima
1506 2261 1726 2307 persona
1766 2243 1940 2290 aoristi
1980 2244 2093 2289 1000

187 2335 376 2381 formae
406 2343 533 2381 turc..
566 2352 635 2381 or.
668 2335 911 2381 z's'z'tirmen
934 2335 1012 2381 vel
1034 2334 1289 2380 es‘etimnen
1318 2334 1533 2380 formam
1558 2334 1911 2396 imaginariam
1936 2331 2090 2377 isida-

187 2441 296 2468 rum
338 2424 670 2485 comparavit,
724 2425 772 2469 in
815 2441 915 2485 qua
962 2423 1221 2469 scribendi
1262 2424 1457 2469 ratione
1499 2423 1654 2469 etiam
1697 2423 1831 2468 hunc
1872 2437 2092 2467 errorem

187 2513 461 2568 commisit,
489 2521 541 2558 ut
566 2530 656 2574 pro
680 2513 816 2558 tenui
845 2513 1066 2559 mediam
1093 2529 1372 2558 consonam
1396 2512 1658 2558 scriberet.
1692 2511 1853 2557 Paulo
1881 2509 2094 2571 longiori

187 2601 432 2662 temporis
473 2601 740 2647 intervallo
783 2602 1055 2647 Com-mm
1110 2609 1249 2647 certo
1303 2601 1534 2647 codicem
1589 2600 1834 2646 attentius
1885 2616 2092 2661 perspe—

187 2689 341 2735 xisset
383 2697 431 2735 ct
474 2706 571 2734 non
613 2689 810 2745 dubito,
854 2690 1009 2736 etiam
1052 2690 1113 2735 de
1156 2690 1383 2736 secunda
1437 2689 1546 2751 ejus
1604 2697 1746 2751 parte
1799 2688 1967 2743 docte,
2020 2687 2091 2733 uti

188 2778 401 2834 solebat,
444 2778 840 2840 disputavisset!
890 2780 1035 2824 Haec
1078 2796 1243 2840 pauca
1285 2786 1524 2839 excerpta
1553 2785 1603 2823 et
1631 2776 1886 2839 quaedam
1916 2776 2016 2822 alia
2043 2776 2093 2821 in

188 2866 544 2913 dissertatione
599 2885 690 2913 sua
749 2868 1100 2929 manuscripta
1162 2867 1735 2914 «Commentatiuncula
1791 2865 1926 2910 Hist.
1983 2864 2090 2911 Cri-

189 2955 290 3000 tica
331 2955 392 3001 de
435 2956 742 3001 Cumanisn⁹
784 2957 1009 3012 inseruit,
1054 2974 1184 3017 quac
1227 2957 1371 3002 initio
1425 2955 1574 3017 hujus
1633 2955 1790 3001 seculi
1840 2955 1887 3000 in
1941 2954 2093 3000 domo

334 3169 341 3183 ¹
369 3176 468 3197 anno
494 3175 591 3209 1770-

329 3236 583 3278 2§.14.111.
