2187 3652
1015 112 1149 139 CXXIV

273 227 491 272 Formae
532 225 728 271 activae
768 226 906 271 verbi
950 242 1319 287 saepenumero
1348 242 1437 286 pro
1466 225 1845 287 deponentibus
1874 241 2029 286 appa-

131 323 256 370 rent,
299 332 341 360 e.
383 331 428 375 g.
477 322 715 359 «mutuo»
761 315 871 359 loco
917 321 1203 367 «mutuor»,
1251 342 1312 346 ——
1358 313 1650 370 «obsculo»,
1686 313 2030 360 «obsculavi».

135 404 427 459 «obscula»,
488 430 554 435 —
617 402 858 458 «letare»,
913 431 978 434 —
1042 401 1369 457 «famulare»,
1427 402 1475 447 in
1534 402 1786 448 dictione:
1847 401 2030 447 «homo

131 492 263 536 letae
317 508 431 536 cum
484 484 515 536 H
569 491 666 536 deo
721 490 958 545 famulae,
1013 519 1076 522 —
1141 491 1435 547 «recordo»,
1490 519 1555 523 —
1613 507 1909 552 «sequere»,
1967 518 2032 522 ——

135 596 371 636 «nasco»,
437 579 660 635 «nasci»,
730 595 1022 635 «nascere»,
1082 608 1149 611 —-
1212 578 1539 636 «confitere»,
1605 608 1662 613 —-
1742 579 2030 640 «loquere»,

130 696 195 699 ——
264 667 550 723 «hodoro»,
617 696 683 699 —
760 666 1099 722 «oblivisco»,
1170 666 1494 724 «oblivisci»,
1565 666 1901 722 «oblivisce»,
1966 695 2032 699 —

134 764 358 811 «utere»,
402 784 468 787 —-
512 753 934 816 «verecundavj».
979 754 1202 800 Primam
1245 755 1564 817 quorundam
1613 755 1881 801 verborum
1935 754 2030 817 syl-

130 844 296 889 labam
340 845 556 906 scriptor
596 844 818 906 aliquam
862 861 954 890 usu
995 844 1167 890 tritam
1210 844 1644 905 praepositionem
1685 843 2030 898 existimabat,

130 950 172 978 e.
236 948 281 991 g.
358 933 650 979 «obsculo».
711 932 1051 979 «Substineo»
1109 933 1224 978 loco
1287 932 1576 978 «sustineo»
1633 932 1879 993 scriptum
1935 939 2029 979 est.

131 1022 300 1067 Prima
339 1022 477 1067 verbi
524 1021 752 1082 «pendo»
798 1021 992 1082 syllaba
1033 1021 1188 1067 etiam
1229 1021 1277 1066 in
1319 1021 1574 1082 praesenti
1628 1028 1677 1067 et
1729 1021 2031 1082 imperativo

129 1109 445 1170 reduplicata
485 1118 561 1155 cst
608 1109 949 1171 (apependm,
1004 1109 1342 1170 «pepende»).
1397 1138 1466 1141 —
1520 1110 1771 1155 Neutrum
1825 1109 1876 1155 in
1929 1110 2027 1155 sin-

127 1198 285 1256 gulari
327 1215 479 1259 saepe
520 1198 569 1243 in
611 1214 640 1242 n
681 1198 884 1254 desinit,
928 1214 970 1243 e.
1013 1214 1058 1257 g.
1109 1205 1387 1259 «pecatun»
1434 1205 1530 1243 etc.
1575 1205 1623 1243 et
1652 1198 1789 1244 haud
1818 1197 1887 1244 ita
1916 1214 2029 1244 raro

127 1302 285 1345 genus
326 1295 560 1332 neutrum
602 1303 693 1347 pro
735 1286 1017 1332 masculino
1058 1294 1288 1347 apparet,
1332 1303 1374 1332 e.
1412 1302 1457 1345 g.
1494 1286 1723 1331 «saltun»
1758 1286 1868 1332 loco
1902 1307 1917 1330 «
1933 1288 2028 1333 sal-

129 1382 261 1420 tus».
304 1405 370 1408 ffl
413 1376 627 1421 Glossas
667 1375 868 1431 latinas,
912 1392 1043 1437 quae
1096 1375 1145 1420 in
1198 1374 1539 1420 vocabulariis
1597 1375 1682 1420 DU
1739 1375 1930 1422 CANGII
1982 1384 2033 1422 et

134 1465 534 1509 DIEFFENRACHI
590 1464 948 1509 desiderantur
999 1481 1059 1509 ex
1110 1471 1219 1509 toto
1272 1463 1448 1509 codice
1502 1471 1771 1524 congestas
1822 1464 1871 1509 in
1930 1463 2031 1510 fine

131 1553 296 1613 operis
342 1552 681 1598 vocabulariis
734 1552 1017 1613 linguarum
1073 1552 1387 1608 cumanicae,
1449 1552 1676 1612 persicae
1728 1560 1778 1598 et
1835 1569 2029 1615 germa-

130 1642 274 1687 nicae
314 1641 493 1687 ultimo
536 1642 646 1686 loco
687 1640 1030 1702 adjunximus.

1040 1854 1129 1900 IX.

272 1998 502 2059 Scriptor
527 1997 840 2043 vocabularii
870 2004 919 2042 et
949 1996 1225 2057 scriptores
1252 1994 1509 2041 secundae
1545 1995 1739 2041 codicis
1768 1994 1927 2055 partis
1964 1994 2029 2040 ad

129 2086 380 2149 quosdam
412 2103 563 2132 sonos
592 2086 889 2131 cumanicos
918 2092 967 2131 et
997 2085 1223 2146 persicos
1253 2083 1576 2130 denotandos
1604 2082 1891 2144 peculiares
1920 2083 2030 2129 lite-

130 2192 295 2220 rarum
337 2176 526 2220 formas
567 2174 901 2229 adhibebant,
945 2190 1072 2236 quas
1113 2173 1161 2218 in
1204 2172 1431 2233 capitulo
1460 2172 1609 2219 VIII.
1642 2171 2028 2232 descripsimus.

128 2264 510 2324 Orthographia
538 2264 731 2324 primae
772 2262 967 2308 codicis
1008 2262 1167 2323 partis
1208 2277 1456 2323 perquam
1478 2260 1775 2307 inconstans
1816 2267 1909 2316 est,
1954 2261 2029 2306 ita

131 2369 284 2397 sonus
323 2352 532 2414 quidam
575 2352 623 2397 in
665 2368 765 2396 una
806 2350 1092 2412 eademque
1133 2348 1495 2411 conjugatione
1536 2348 1790 2394 interdum
1833 2348 2032 2394 diverse

131 2441 407 2486 denotatus
442 2440 691 2500 reperitur
729 2447 777 2485 et
808 2440 856 2485 in
886 2438 1195 2501 quibusdam
1239 2436 1486 2497 exemplis
1514 2453 1644 2482 unus
1672 2444 2032 2482 annotatorum

132 2530 213 2574 isti
273 2528 649 2574 inconstantiae
709 2528 778 2573 ita
839 2527 1087 2583 medetur,
1149 2534 1203 2572 ut
1262 2542 1413 2586 super
1471 2525 1693 2570 litteram
1758 2525 2031 2586 (interdum

132 2625 441 2677 expunctam
484 2617 559 2661 vel
603 2617 961 2678 cancellatam)
1021 2632 1146 2661 sono
1200 2615 1402 2660 exotico
1455 2614 1616 2674 magis
1668 2621 2033 2674 congruentem

132 2706 369 2760 litteram,
401 2706 476 2750 vel
519 2705 698 2750 saltem
742 2721 854 2750 eam
897 2704 1119 2750 litteram
1161 2703 1438 2758 adscribat,
1481 2718 1612 2764 quae
1654 2702 1702 2747 in
1743 2701 1856 2747 aliis
1888 2718 2030 2763 ⁸quor

132 2811 229 2856 que
270 2794 405 2839 illius
445 2792 821 2854 conjugationis
862 2792 1036 2838 formis
1077 2800 1307 2852 apparet,
1351 2808 1393 2836 e.
1436 2806 1481 2848 g.
1533 2790 1766 2850 «aperio»
1824 2768 2033 2845 az‘mme,

134 2884 180 2928 in
210 2900 310 2944 quo
340 2881 572 2942 exemplo
611 2889 884 2927 annotator
910 2897 1189 2926 consonam
1231 2913 1276 2968 ἔ
1316 2887 1452 2925 recte
1495 2894 1583 2939 per
1610 2878 1936 2933 cfdenotavit,
1967 2906 2032 2910 —

132 3002 197 3004 ——r
215 2970 488 3032 yaffirztnzff,
521 2970 568 3015 in
598 2987 699 3031 quo
729 2970 962 3030 exemplo
991 2951 1264 3014 annotator
1292 2984 1470 3012 sonum
1501 2969 1529 3010 s*
1551 2983 1638 3027 per
1663 2983 1690 3011 3
1717 2966 2031 3027 transcipsit,

136 3067 185 3104 ut
224 3062 254 3103 ἕ
298 3058 360 3104 ab
411 3075 433 3102 s
484 3058 611 3103 bene
664 3058 961 3115 distinguat,
1016 3074 1060 3102 V.
1116 3057 1269 3102 etiam
1324 3048 1564 3128 &Lofile-g,
1610 3082 1672 3088 -—
1726 3053 2032 3099 bofalnrmen

133 3156 229 3193 etc.
292 3149 578 3192 Annotator
635 3146 889 3191 interdum
944 3152 993 3190 et
1052 3143 1467 3204 orthographiam
1529 3143 1739 3188 latinam
1797 3142 2029 3197 correxit,

134 3260 175 3287 e.
219 3258 263 3303 g.
308 3258 419 3303 pag.
466 3256 519 3286 21
563 3230 832 3300 «especto»
878 3247 926 3285 et
961 3240 1010 3285 in
1040 3238 1347 3300 quibusdam
1378 3238 1551 3283 formis
1581 3237 1824 3298 originale
1852 3254 1874 3282 c
1899 3237 2033 3281 linea
