2187 3652
1092 108 1194 134 XXVI

188 226 314 272 libro
374 223 795 285 «Ethnographia
852 222 1180 282 Hungariae»
1237 221 1482 282 inscripto
1534 221 1825 282 opinionem
1866 221 2085 267 virorum

188 314 451 360 doctorum
494 321 847 358 extraneorum
883 327 910 356 a
940 310 1086 355 nobis
1114 309 1391 355 adductam
1422 309 1673 370 approbat
1701 318 1750 356 et
1778 309 2087 356 confirmat.'

328 400 725 447 Vocabularium
759 417 787 445 a
817 401 1141 444 KLAPROTHO
1177 398 1371 443 editum
1413 415 1527 443 cum
1557 398 1735 443 ultima
1762 415 1885 443 voce
1915 415 2086 443 cuma-

188 491 300 535 nica
351 489 561 550 capituli
625 488 913 534 «Victualia
971 503 1103 547 quae
1162 479 1430 542 nascunt»,
1493 485 1689 532 scilicet
1747 502 1863 531 cum
1920 486 2088 547 glossa

187 578 402 640 cuplalnc
438 577 757 622 terminatur.
817 576 1177 620 KLAPRQTHus
1218 574 1279 620 de
1321 574 1543 620 textibus
1597 574 1790 620 codicis
1830 573 2088 635 originalis

189 684 285 712 non
328 666 397 711 ita
438 665 616 727 paucis
656 665 780 710 nihil
822 663 977 720 novit,
1020 663 1068 709 in
1112 662 1379 709 ToMASINI
1435 663 1562 708 libro
1609 663 1920 709 «petrarcha
1958 663 2086 708 redi—

187 755 358 800 vivus»
404 762 602 799 tantum
632 752 942 798 mentionem
979 751 1289 797 vocabularii
1331 751 1534 813 reperit,
1578 751 1753 812 itaque
1793 751 1856 797 ab
1898 751 2090 797 SALVIO

189 842 310 887 nihil
353 842 487 887 aliud
531 841 726 903 petivit,
771 857 923 902 quam
967 848 1020 885 ut
1061 839 1169 902 ejus
1210 856 1366 886 causa
1406 840 1455 885 id
1497 840 1659 885 solum
1697 839 2089 886 describendum

189 938 404 985 curaret,
448 930 672 976 SALvius
712 945 802 990 pro
832 945 923 974 sua
963 936 1107 990 parte
1136 945 1241 974 rem
1271 928 1569 974 amanuensi
1611 928 1815 974 cuidam
1856 928 2089 974 commit-

189 1028 300 1064 tens
341 1018 651 1063 mentionem
694 1017 1008 1062 vocabularii
1061 1024 1259 1062 tantum
1314 1012 1533 1062 fecit'et
1587 1017 1915 1062 amanuensis
1967 1016 2091 1062 nihil

190 1115 548 1168 praeterquam
590 1105 936 1151 desideratum
979 1106 1300 1167 conscripsit.
1345 1106 1619 1152 CORNIDEs
1659 1105 1784 1166 ipse,
1827 1105 1913 1167 qui
1954 1105 2088 1151 codi-

190 1213 300 1242 cem
342 1196 636 1253 originalem
679 1196 960 1257 conspexit,
1004 1203 1172 1240 textus
1213 1195 1414 1241 silentio
1454 1195 1703 1240 transivit.
1747 1196 1918 1255 Quum
1959 1210 2092 1239 anno

196 1289 321 1344 1873
378 1284 473 1330 iter
523 1283 741 1329 facerem
796 1283 1057 1339 Venetias,
1115 1283 1163 1328 id
1218 1291 1416 1329 tantum
1470 1283 1789 1344 propositum
1843 1282 1997 1328 habui
2037 1289 2092 1327 ut

193 1373 574 1419 vocabularium
636 1372 960 1418 eumanieum
1017 1372 1260 1429 originale
1320 1390 1434 1418 cum
1494 1372 1718 1418 editione
1780 1372 2091 1417 KLAPROTHI

190 1479 558 1524 compararem,
603 1461 934 1523 quamobrem
978 1478 1217 1519 magnum
1259 1463 1370 1523 cepi
1409 1479 1467 1507 ex
1496 1461 1672 1507 codice
1701 1461 1943 1519 gaudium
1985 1459 2091 1505 ani-

189 1552 512 1597 madvertens
552 1567 667 1596 eum
707 1568 821 1596 cum
864 1551 1044 1596 ultima
1070 1567 1195 1596 voce
1228 1551 1541 1596 vocabularii
1576 1550 1875 1612 neutiquam
1916 1547 2090 1594 termi-

192 1649 366 1685 natum
420 1656 549 1695 esse,
611 1640 766 1684 immo
820 1639 954 1685 haud
1016 1656 1207 1701 paucos
1260 1647 1429 1685 textus
1481 1639 1777 1685 cumanicos
1829 1639 2093 1699 hucusque

194 1729 412 1774 ineditos
453 1728 728 1784 continere,
772 1728 856 1789 qui
899 1744 990 1772 nos
1037 1727 1193 1773 indoli
1246 1727 1447 1785 linguae
1499 1726 1796 1773 eumanieae
1845 1725 2094 1787 suppetiis

193 1817 488 1863 lexicalibus
546 1818 706 1862 multo
765 1816 926 1874 magis
990 1816 1218 1861 imbuere
1284 1824 1513 1876 possunt.
1581 1814 1778 1861 Textus
1843 1814 2094 1876 praedicti

194 1906 420 1967 exceptis
461 1905 768 1967 quibusdam
811 1904 1116 1963 aenigmatis
1156 1920 1384 1966 praeces,
1428 1903 1649 1960 litanias,
1682 1903 1907 1964 capitula
1938 1903 2094 1964 scrip-

194 2003 418 2040 turarum
476 2010 733 2039 sacrarum
776 2001 825 2039 et
879 1993 1143 2039 doctorum
1199 1991 1449 2038 ecclesiae
1503 1991 1829 2047 christianae,
1880 1992 2095 2053 hymnos

193 2092 241 2129 et
295 2083 530 2129 homilias
581 2100 609 2128 a
661 2083 995 2129 missionariis
1054 2081 1308 2128 extraneis
1362 2081 1408 2126 in
1463 2081 1792 2126 commodum
1847 2080 2095 2126 ecclesiae

194 2172 501 2218 christianae
543 2189 568 2217 e
610 2172 781 2229 lingua
822 2180 1062 2217 extranea
1111 2171 1159 2215 in
1200 2187 1353 2215 verna
1390 2170 1524 2215 ulam
1578 2169 1743 2227 gentis
1795 2170 2096 2215 eumanieae

194 2278 438 2306 conversa
478 2260 904 2322 complectuntur.
953 2261 1065 2305 Hac
1109 2259 1170 2305 de
1213 2276 1366 2305 causa
1407 2258 1582 2304 crebro
1611 2266 1842 2304 textuum
1872 2275 1898 2304 e
1926 2258 2097 2317 lingua

194 2351 350 2395 latina
392 2350 439 2394 in
480 2349 756 2395 dialectum
787 2349 1109 2394 cumanicam
1139 2348 1522 2393 conversionem
1553 2364 1668 2393 cum
1699 2346 1867 2393 indole
1895 2347 2096 2405 linguae

194 2438 488 2499 exemplarii
532 2438 790 2494 originalis
831 2437 1117 2483 arctissime
1159 2437 1366 2493 ligatam
1424 2436 1705 2497 reperimus
1745 2452 1803 2481 ac
1845 2435 2096 2497 quosdam

197 2527 483 2572 idiotismos
537 2525 1047 2586 constructi(›nesque
1106 2525 1391 2586 peculiares
1452 2524 1734 2581 linguarum
1788 2524 2098 2570 turcicarum

197 2616 241 2661 in
285 2615 344 2660 iis
385 2614 567 2660 frustra
608 2615 918 2675 quaerimus⁷
962 2614 1292 2659 nihilominus
1333 2614 1459 2659 haec
1501 2613 1726 2658 secunda
1756 2629 1872 2674 pars
1907 2612 2099 2658 codicis

196 2703 467 2750 Venetiani
510 2703 655 2748 nobis
684 2703 819 2748 haud
851 2703 919 2748 ita
949 2720 1143 2764 paucas
1172 2702 1513 2764 proprietates
1543 2702 1748 2747 dialecti
1780 2701 2095 2755 eumanieae,

197 2809 326 2853 quae
365 2791 467 2852 jam
510 2792 702 2837 dudum
746 2792 971 2837 extincta
1012 2800 1061 2837 et
1091 2800 1292 2853 praeter
1320 2792 1550 2837 codicem
1592 2791 1639 2836 in
1682 2791 1860 2852 paucis
1900 2798 2099 2836 tantum

197 2881 403 2941 reliquis
443 2889 742 2926 conservata
785 2889 874 2933 est,
917 2882 1084 2942 palam
1126 2880 1261 2926 fecit.
1327 2880 1427 2926 Hic
1480 2880 1747 2940 singularis
1800 2879 1961 2925 codex
2000 2894 2098 2924 non

200 2969 360 3013 solum
393 2986 563 3014 verum
595 2969 888 3014 thesaurum
921 2969 1120 3026 linguae
1151 2969 1452 3014 cumanicae
1493 2967 1899 3029 glossariumque
1940 2965 2096 3029 persi-

199 3073 332 3111 cum,
376 3057 461 3102 sed
506 3057 552 3101 in
597 3057 821 3102 secunda
852 3066 993 3118 parte
1036 3057 1170 3102 haud
1201 3073 1395 3118 paucas
1435 3073 1639 3117 quoque
1669 3056 1863 3117 glossas
1903 3071 2098 3115 germa-

343 3258 351 3271 ¹
382 3253 707 3297 ‹.)12igy·211·r›1·572‘1g
737 3253 1103 3297 Ethnographiaja».
1135 3253 1231 3297 Pag.
1260 3252 1341 3296 406.
