2187 3652
969 83 1166 109 LXXXVIII

126 198 311 244 «deus»
369 197 680 257 perdurabat
738 196 804 269 (90
843 190 967 269 57ss
1001 191 1162 253 32:254>
1204 189 1416 268 9Q.).¹
1484 197 1769 244 Chazarica
1821 216 2025 261 quoque

124 287 310 343 lingua,
369 287 407 330 si
450 286 676 346 excipias
717 285 922 331 nomina
962 285 1322 346 geographica,
1367 286 1570 346 propria
1612 294 1661 331 et
1701 285 2026 343 dignitatum,

122 374 449 436 paucissimis
489 381 690 420 tantum
744 374 925 431 glossis
966 374 1312 419 monumentis
1353 373 1608 420 Tauricae
1661 375 2031 436 sepulcralibus

119 464 411 509 charactere
471 463 711 509 hebraico
765 463 938 508 incisis
979 462 1205 508 interitui
1255 463 1422 523 gentis
1461 463 1581 508 olim
1634 463 2028 511 florentissimae

121 559 381 612 superstes
422 551 584 597 evasit
632 552 692 612 (e.
736 568 780 613 g.
823 566 936 621 μη),
982 550 1043 596 cf.
1087 552 1338 597 turcicum
1380 544 1532 616 053ss
1579 552 1844 598 «domina»
1887 553 2028 615 etc.).

122 640 200 685 De
244 640 577 686 Bissenorum
620 641 791 699 lingua
831 648 1034 701 praeter
1074 640 1281 686 nomina
1322 640 1577 703 quaedam
1620 657 1951 702 personarum
1980 642 2030 688 id

119 736 319 774 tantum
362 729 612 785 novimus,
656 728 793 790 quod
836 728 1246 775 CONSTANTINUS
1288 728 1351 775 de
1399 730 1690 776 nominibus
1743 730 2030 776 thematum

119 833 294 862 eorum
349 824 398 862 et
453 817 793 879 quorumdam
836 817 1064 863 locorum
1107 818 1387 863 memoriae
1428 818 1699 879 prodidit.²
1739 819 2031 865 AMMIANUS

121 907 506 952 MARCELLmus
567 906 615 952 in
658 907 770 952 loco
829 907 1062 969 sequenti
1135 906 1276 953 Uzos
1334 924 1362 952 a
1434 907 1681 953 Cumanis
1751 908 2030 969 separatim

120 995 466 1040 memorabat:
516 995 790 1057 «Dumque
831 996 894 1042 ad
949 996 1220 1062 Chionian
1268 1004 1317 1042 et
1371 997 1608 1042 Eusenos
1661 997 1787 1042 haec
1842 996 2032 1058 scripta

120 1084 422 1130 mittuntur»
469 1092 585 1140 etc.,
629 1092 680 1130 at
721 1084 870 1146 hujus
918 1102 1123 1147 quoque
1177 1085 1511 1141 differentiae,
1563 1102 1694 1147 quae
1749 1085 2031 1141 secundum

120 1190 323 1219 omnem
367 1173 805 1234 probabilitatem,
849 1174 887 1219 si
931 1173 1140 1219 omnino
1180 1174 1365 1229 extitit,
1408 1182 1608 1220 tantum
1657 1174 1705 1220 in
1759 1174 2030 1235 pronunci-

122 1263 292 1308 atione
351 1263 685 1320 consistebat,
747 1264 943 1309 nullum
1004 1263 1255 1309 habemus
1315 1263 1553 1309 indicem.
1617 1264 1729 1309 Nec
1807 1263 2031 1324 linguam

124 1352 479 1398 Kumiikorum
535 1353 835 1399 orientalem
891 1352 1112 1399 Caucasi
1180 1352 1495 1413 provinciam
1568 1351 1776 1398 flumine
1844 1352 2029 1408 Terek‚

122 1441 481 1488 Tschetschna
511 1441 690 1504 majori
721 1450 770 1488 et
802 1442 1103 1503 Daghestan
1134 1440 1398 1487 definitam
1430 1441 1826 1486 inhabitantium
1858 1448 2032 1487 notam

122 1530 386 1576 habemus.
456 1533 661 1577 Nomen
716 1530 918 1576 lxz'lmz'ilc
982 1547 1097 1576 cum
1164 1530 1369 1576 nomine
1430 1529 1649 1575 «Hunk»
1726 1530 2031 1592 scriptorum

119 1619 462 1665 armeniorum
517 1619 803 1681 comparari
849 1627 1034 1681 potest,
1078 1637 1180 1683 quo
1221 1620 1426 1666 nomine
1470 1621 1652 1665 Mossss
1693 1619 1755 1665 de
1796 1619 2032 1665 Chorene

119 1715 167 1753 et
209 1708 291 1753 alii
336 1709 557 1754 Hunnos
597 1709 945 1770 appellabant.
991 1710 1047 1755 In
1090 1710 1184 1756 hac
1226 1711 1431 1771 regione
1483 1708 1839 1755 Kiimiikorum
1894 1725 2030 1754 nom.

119 1797 461 1858 geographica
502 1798 782 1844 etiamnum
825 1799 1019 1844 turcica
1061 1806 1193 1855 sunt,
1237 1816 1280 1845 e.
1323 1815 1368 1859 g.
1401 1798 1678 1854 TORGAUL,
1712 1799 1901 1844 AKSSAI
1931 1805 2030 1845 etc,

126 1879 307 1945 (zffilus
333 1883 436 1951 vl).
472 1887 672 1944 Lingua
712 1887 865 1945 igitur
918 1888 1188 1934 cumanica
1243 1888 1409 1950 primo
1460 1888 1573 1933 loco
1629 1904 1745 1932 cum
1799 1886 2033 1933 dialectis

120 1974 182 2020 ab
223 1991 283 2021 ea
323 1975 580 2031 derivatis,
624 1975 810 2022 deinde
851 1993 966 2022 cum
1011 1976 1310 2023 sorellarum
1352 1976 1555 2022 filiabus
1596 1975 1779 2035 linguis
1826 1975 2033 2021 turcicis

120 2071 168 2108 et
209 2063 361 2109 hodie
403 2064 606 2110 usitatis
647 2066 995 2126 comparanda
1036 2074 1128 2112 est.
1176 2066 1329 2112 Doct.
1357 2066 1504 2111 BLAU
1536 2066 1676 2112 hisce
1707 2065 1887 2112 studiis
1916 2083 2030 2112 cum

121 2152 467 2213 descriptione
508 2154 710 2213 linguae
755 2155 1129 2201 Bosniacorum
1161 2155 1410 2201 turcicae3
1439 2156 1882 2217 dialectorumque
1919 2171 2031 2217 pro—

121 2242 316 2287 vinciae
360 2243 793 2304 Mariopolitanae
834 2261 993 2290 novos
1034 2252 1083 2290 et
1125 2261 1371 2306 perquam
1414 2244 1667 2306 pretiosos
1696 2243 1895 2305 aperuit
1923 2243 2029 2289 fon-

120 2338 212 2376 tes.
258 2331 551 2378 Dialectum
598 2332 913 2380 Kazanicam
946 2335 994 2380 in
1035 2334 1209 2380 multis
1250 2333 1400 2380 rebus
1442 2334 1741 2380 cumanicae
1783 2349 2030 2394 perquam

120 2419 338 2466 similem
381 2438 493 2467 esse
519 2420 623 2483 jam
654 2422 892 2479 diximus,
928 2423 1124 2469 Kazani
1155 2423 1289 2469 enim
1320 2439 1419 2468 non
1450 2423 1686 2469 inmerito
1723 2422 1785 2468 de
1814 2439 1868 2468 se
1910 2422 2032 2483 ipsis

120 2508 447 2570 antiquorum
512 2511 851 2569 Hulgarorum
912 2513 1207 2573 progeniem
1274 2529 1386 2558 esse
1447 2511 1762 2573 praedicant.
1830 2511 2032 2572 CAsSEL

119 2605 291 2643 autem
335 2598 558 2660 linguam
600 2601 925 2646 cumanicam
968 2601 1214 2660 nogaicae
1256 2600 1599 2646 assimilabat:
1665 2601 1753 2645 «In
1797 2600 1886 2645 der
1943 2599 2027 2645 Bi-

121 2685 350 2732 bliothek
390 2687 480 2733 des
512 2689 691 2735 FRANZ
724 2690 1006 2736 PETRARKA
1037 2690 1077 2735 is
1119 2690 1198 2736 ein
1242 2687 2027 2750 lateinisch-persisch—cumani-

122 2775 270 2820 sches
313 2775 541 2822 Lexicon
583 2777 835 2835 gesunden
877 2778 1097 2835 worden,
1142 2779 1234 2825 das
1278 2779 1567 2824 KLAPROTH
1609 2776 2029 2838 herausgegeben

121 2863 221 2909 und
264 2881 378 2909 zum
422 2863 572 2911 Theil
615 2866 972 2927 alphabetisch
1015 2884 1128 2912 zum
1172 2867 1324 2913 Theil
1367 2867 1591 2913 sachlich
1648 2866 1895 2924 geordnet
1947 2865 2026 2911 ist.

123 2952 194 2996 Es
236 2952 346 2999 sind
390 2970 444 2999 so
485 2954 580 3000 viel
623 2955 703 3001 ich
746 2956 837 3001 mit
879 2956 977 3002 den
1018 2956 1259 3002 NVortern
1302 2956 1391 3002 der
1448 2957 1687 3017 Nogayer
1740 2954 2028 3013 verglichen

264 3114 273 3129 ¹
300 3110 345 3143 V.
374 3112 476 3154 apud
508 3112 777 3146 ROESLERL'M
812 3113 1094 3147 »Romanische
1122 3113 1316 3147 Studien».
1345 3113 1439 3155 Pag.
1470 3123 1549 3156 251,
1581 3123 1657 3156 252.

262 3179 274 3194 ²
305 3175 384 3208 «De
412 3177 605 3210 administ.
634 3177 824 3221 imperim
855 3177 948 3221 Cap.
975 3187 1030 3223 37.

261 3246 274 3265 ὀ
305 3240 730 3275 «ssosnisch-tsirkische
760 3243 1166 3287 Sprachdenkm'aler».
1197 3244 1364 3287 Lipsiae,
1400 3242 1498 3276 1868.
