2187 3652
1050 62 1188 89 XXXIV

169 199 370 244 semper
410 182 672 227 Cumanos
712 176 967 239 significat
1027 175 1107 237 (cf.
1163 175 1318 220 etiarn
1371 191 1556 219 nomen
1606 173 1873 235 cujusdam
1925 173 2070 218 ducis

171 272 522 318 Cumanorum
587 266 783 322 (ss-urst
832 264 918 326 qui
970 271 1201 325 tempore
1256 263 1508 307 LADISLAI
1562 261 1650 307 IV.
1705 260 1754 306 in
1812 277 1912 306 uno
1964 260 2073 322 ejus

169 359 449 420 diplomate
490 355 552 401 de
593 371 726 400 anno
761 366 890 412 1279
922 350 1273 411 memoratur).
1318 350 1608 395 CEDRENUS
1637 349 1698 394 de
1742 348 1973 394 Bissenis
2001 348 2073 394 ita

169 447 372 508 scripsit
392 463 400 491 2
426 449 472 492 τὸ
497 451 576 491 τῶν
591 448 732 497 Ου’ζῶν
756 448 895 489 ἔθνος·
915 448 1035 499 γένος
1058 448 1106 486 δὲ
1131 447 1197 485 καὶ
1223 440 1339 485 οὗοτι
1363 443 1574 485 Σκυθικὸν
1597 445 1664 484 καὶ
1688 443 1768 484 τῶν
1801 444 2072 492 Πατζινακῶν

170 540 472 594 &sevior-epm
496 556 541 580 τε
574 540 640 579 καὶ
665 536 1083 594 πολυπλῃθέστερον.
1148 527 1495 589 Temporibus
1547 526 1918 588 antiquissimis
1972 527 2071 572 Cu-

172 625 307 672 mani
342 623 480 686 (Uzi)
515 630 565 668 et
607 621 810 668 Bisseni
852 619 1083 680 regiones
1111 617 1381 663 continuas
1410 616 1713 662 habitabant
1742 623 1791 661 et
1819 615 1892 661 uti
1921 631 2074 676 saepe

171 713 356 770 evenit,
398 728 711 774 quamquam
754 709 1040 756 arctissimo
1080 706 1344 753 affinitatis
1384 705 1621 767 ligamine
1662 704 1922 766 conjuncti
1956 703 2074 749 fuis-

173 810 300 858 sent,
343 810 514 847 tamen
556 817 607 845 se
651 799 867 844 invicem
909 796 1087 843 crebro
1128 811 1375 857 perquam
1417 793 1709 855 sanguineis
1762 792 1908 839 bellis
1947 792 2074 854 peti-

171 899 364 936 verunt.
408 888 644 935 Tandem
689 886 889 933 Bisseni
932 903 957 931 e
998 884 1164 946 patria
1206 900 1298 929 sua
1327 900 1459 929 anno
1490 884 1590 942 894
1618 882 1696 927 vel
1727 883 1826 941 899
1856 880 1919 926 ab
1952 881 2077 928 Uzis

172 990 219 1026 et
247 978 459 1025 Kazaris
488 976 683 1038 expulsi
713 982 891 1022 contra
916 974 1191 1034 Hungaros
1215 972 1263 1018 in
1290 971 1523 1018 Lebedia
1551 970 1800 1031 impetum
1830 969 2078 1015 facientes

173 1086 261 1115 eos
301 1067 363 1114 ad
407 1082 589 1112 novam
631 1063 848 1126 patriam
891 1060 1241 1124 quaerendam
1283 1060 1611 1121 impulerunt.
1669 1059 1794 1104 Pars
1839 1058 2076 1104 131556Πο-

175 1174 283 1202 rum
325 1156 374 1202 in
415 1154 680 1216 antiquam
722 1152 942 1214 patriam
990 1150 1149 1197 redux
1202 1166 1317 1196 cum
1363 1148 1489 1195 Uzis
1530 1148 1578 1194 in
1631 1164 1784 1194 unam
1838 1147 2078 1194 eandem-

175 1263 273 1307 que
313 1251 518 1306 gentem
566 1241 825 1298 confluxit,
881 1240 943 1286 de
998 1256 1099 1302 qua
1151 1256 1202 1285 re
1259 1239 1668 1285 CONSTANTINUS
1721 1235 1792 1282 ita
1844 1235 2078 1297 scripsit:

176 1336 242 1375 καὶ
268 1338 352 1379 τοῖς
375 1334 616 1386 λεγομένοες
641 1328 787 1380 Οόζοες
810 1323 1060 1386 συνῴκησαν
1086 1330 1152 1369 καὶ
1174 1328 1300 1386 μέχρι
1325 1328 1399 1368 τόυ
1422 1326 1490 1367 νῦν
1526 1326 1632 1367 εἰσιν
1662 1327 1705 1367 έν
1740 1323 1880 1371 αὐτ-ὗες
1915 1324 2084 1382 ἔχοντες

175 1418 349 1459 τοιαῦτα
386 1415 655 1472 γνωρίσματα
692 1409 807 1455 ὥστε
843 1411 1186 1471 διαχωρίζεσθαε
1225 1408 1366 1456 αὐτοῖς
1403 1411 1468 1451 καὶ
1504 1408 1705 1451 νοεῖσθαι
1742 1408 1848 1454 τίνες
1877 1425 1922 1450 τε
1962 1404 2083 1465 ἦσαν.

178 1496 582 1542 CONSTANTINUS
622 1509 801 1538 vocem
826 1497 994 1551 mis-sap
1026 1488 1386 1553 principalium
1430 1487 1762 1534 Bissenorum
1803 1486 1957 1533 trium
1997 1486 2082 1532 tri-

179 1585 336 1631 buum
377 1583 635 1645 peculiare
676 1597 861 1627 nomen
902 1579 1042 1636 dicit,
1086 1595 1276 1640 easque
1317 1584 1420 1624 tres
1448 1575 1610 1622 tribus
1640 1575 1875 1638 sequenti
1905 1575 2083 1621 ordine

180 1681 472 1723 enumerat:
522 1688 561 1718 Ι.
601 1675 861 1732 Ἰαᾶὀεερτιμ
903 1685 946 1717 2.
993 1674 1330 1728 Κουαρτζίῖζυυρ
1369 1682 1416 1725 3.
1462 1671 1803 1727 Χαβουξεγγυλα.
1846 1664 2084 1711 NOminiS

179 1762 475 1824 Jabdierlim
516 1761 742 1808 secunda
782 1777 900 1822 pars
940 1759 1097 1805 etiam
1137 1758 1186 1804 in
1216 1763 1396 1803 nostro
1420 1755 1596 1802 codice
1625 1755 1863 1811 occurrit,
1906 1754 1956 1800 in
1985 1771 2084 1816 quo

179 1852 340 1898 erdem
379 1852 636 1907 virtutem,
680 1858 840 1896 artem
882 1847 1152 1910 significat,
1210 1845 1270 1892 cf.
1314 1845 1651 1907 hungaricum
1706 1843 1889 1900 e'rdem,
1942 1859 2082 1890 man-

181 1941 386 2002 guicum
427 1939 622 1985 erdemu
669 1938 909 1994 «virtus»,
958 1937 1278 1991 «meritum»,
1322 1933 1665 1995 mongolicum
1717 1931 1876 1978 erdem
1928 1931 2082 1977 idem.

185 2029 386 2076 Bisseni
427 2046 543 2075 cum
585 2026 833 2074 Cumanis
874 2042 972 2071 non
1015 2025 1178 2071 solum
1207 2024 1256 2069 in
1285 2023 1497 2084 antiqua
1528 2022 1858 2068 Bissenorum
1901 2020 2083 2082 patria,

183 2119 271 2165 sed
313 2118 467 2164 etiam
520 2117 569 2162 in
622 2132 806 2177 magna
862 2114 1115 2161 Cumania
1167 2121 1217 2159 et
1276 2111 1544 2173 Hungaria
1596 2119 1886 2171 temporum
1940 2108 2086 2171 lapsu

183 2207 390 2253 tandem
432 2206 481 2252 in
522 2221 676 2251 unam
717 2203 1040 2265 eandemque
1080 2208 1284 2264 gentem
1326 2198 1695 2246 confluxerunt.
1753 2198 2087 2244 Bissenorum

183 2296 436 2357 quaedam
479 2293 690 2340 castella
730 2293 794 2339 ad
836 2291 1024 2337 flumen
1079 2289 1351 2336 Danast1·is
1389 2305 1512 2335 voce
1551 2287 1637 2334 kal
1675 2287 2085 2342 denominantur,

184 2401 315 2446 quae
354 2401 450 2429 vox
489 2383 538 2429 in
579 2382 800 2428 dialecto
842 2379 1183 2426 chvarismica
1211 2378 1414 2425 moenia
1461 2376 1758 2439 significat‚²
1797 2405 1865 2408 —
1906 2374 2084 2421 eadem

183 2490 278 2518 vox
317 2472 473 2518 etiam
514 2472 563 2517 in
593 2471 795 2516 nomine
826 2468 1096 2530 cujusdam
1125 2468 1222 2514 loci
1253 2466 1537 2514 Cumaniae
1580 2464 1890 2526 hungaricae
1931 2479 2086 2525 appa-

186 2571 275 2618 ret,
317 2561 468 2607 videl.
504 2559 700 2616 Persem
732 2559 781 2604 id
811 2567 887 2604 est
916 2557 1079 2603 birkat
1122 2578 1136 2599 «ι
1154 2573 1309 2602 unum
1353 2572 1605 2601 murum».
1652 2554 1804 2599 Doct.
1851 2554 1998 2604 BLAU
2040 2551 2089 2597 in

185 2649 544 2696 dissertatione
586 2648 647 2693 de
689 2647 860 2708 lingua
901 2655 951 2692 et
991 2646 1184 2707 origine
1226 2646 1575 2691 Cumanorum
1624 2649 1898 2704 sequentes
1937 2656 2091 2686 voces

186 2739 457 2784 bosniacas
497 2754 613 2783 cum
655 2735 1082 2797 respondentibus
1123 2734 1406 2780 cumanicis
1446 2731 1763 2793 comparavit
1816 2745 1855 2775 1.
1886 2728 2092 2791 jygmak

191 2843 560 2888 «congregare»
609 2842 725 2871 cum
767 2824 1037 2870 cumanico
1068 2824 1311 2885 yiarmen,
1353 2822 1517 2884 z'ydim,
1558 2837 1686 2882 quas
1737 2836 1888 2864 voces
1941 2818 2088 2864 BLAU

186 2915 467 2961 secundum
509 2915 787 2960 editionem
833 2915 1145 2959 KLAPROTHI
1176 2928 1399 2974 yarmctz,
1428 2909 1592 2972 jydl'm
1636 2907 1839 2970 scripsit
1888 2922 1933 2953 2.
1986 2905 2090 2951 kev-

330 3081 340 3096 ¹
370 3077 521 3120 Propri‹¹
552 3077 750 3109 «dominus
785 3077 877 3109 Ns».
909 3076 1020 3117 Quod
1048 3075 1098 3108 ad
1126 3086 1256 3108 vocem
1286 3085 1340 3107 ur
1359 3073 1533 3117 pertinet,
1563 3071 1610 3104 cf.
1634 3070 1886 3114 hungaricum
1916 3070 1981 3107 ιὶν,
2011 3067 2090 3100 bul-

186 3154 357 3195 garicum
388 3154 473 3186 ur'h.

368 3219 405 3251 Z.
436 3217 473 3251 di
506 3218 552 3250 n.
584 3218 637 3250 M.
668 3218 714 3250 o.
745 3218 850 3250 rom.
882 3217 1028 3250 XXIX.
1061 3217 1156 3260 Pag.
1186 3216 1265 3259 558.
